1850 2909
147 72 180 121 bd
278 70 319 123 m
337 72 489 124 VERREM
505 71 552 124 Vl.
568 73 633 125 (lar.
647 75 688 129 dl.

148 200 253 250 modales
262 211 390 265 tynum),
402 202 442 251 sed
451 203 569 267 quoddam
579 218 667 251 mrum
675 207 829 264 monstram,-

149 280 179 312 ex
190 274 264 313 vetere
274 267 316 313 int
325 267 477 328 immanitate,
489 278 543 379 sbrie
552 269 577 316 in
587 268 669 345 iisdem
678 267 827 378 Ἕνεκ-

152 408 228 457 neque
240 397 350 458 Scyllam,
364 397 447 455 nautia,
459 333 827 459 qmwmfflmaemae:

149 458 219 505 luisse
229 462 332 508 arbitror.
350 461 402 508 Hoc
412 462 482 508 etiarn
491 462 535 509 iste
548 461 660 518 infestior,
671 460 734 524 quod
744 460 826 507 multo

149 338 175 375 ta
185 344 233 377 esse
242 330 332 379 dieitur.
353 332 409 380 Non
420 332 482 380 enim

153 536 178 569 se
192 524 297 585 pluribus
311 533 334 572 et
348 526 474 586 maioribus
489 526 584 574 canibus
600 525 756 573 suocinxerat:
774 523 827 586 Cy·

74 623 76 627 .
149 587 213 650 elops
233 590 298 646 alter,
319 588 394 637 multo
411 590 580 652 importunior:
603 589 642 637 hic
664 589 726 637 enim
745 595 824 635 totam

149 650 250 699 insulam
260 653 377 701 obtinebat
386 671 394 710 ;
417 654 457 701 ille
468 654 566 702 AEtnam
573 656 653 715 solam,
664 662 688 700 et
697 667 749 699 earn
760 652 824 700 Siei-

150 714 296 778 deopertam,
308 718 406 767 oenuisse
416 718 507 765 dicitu.

183 780 219 826 At
229 794 282 843 quta
292 796 360 829 eausa
370 790 421 829 tum
432 783 594 843 subjiciebatur
603 783 633 829 ab
648 781 707 844 ipso,
721 778 824 842 judiees,

150 843 221 905 hujus
231 853 279 891 tam
289 846 382 893 nefarie
389 847 546 894 crudelitatis?
555 846 712 908 Rodumna
721 860 784 893 nunc
793 843 826 892 in

152 908 282 957 defensione
288 912 510 959 commemorabitur.
527 911 677 973 Quicumque
684 918 827 957 aectaserm

153 972 184 1020 ad
199 972 301 1021 Siciliam
316 975 386 1038 paulo
400 975 520 1038 pleniores,
531 990 569 1023 eos
583 975 723 1023 Sertorianos
736 973 829 1021 milites

152 1052 209 1096 esse,
220 1046 289 1101 atque
303 1054 318 1087 a
332 1038 417 1087 Dianio
427 1039 515 1102 lugere,
526 1040 623 1087 dicebat.
640 1039 689 1097 Illi,
700 1038 730 1084 ad
739 1036 826 1101 depre-

151 1102 252 1149 candum
268 1104 405 1165 periculum,
420 1104 573 1166 proferebant,
584 1104 623 1151 alii
633 1116 760 1166 purpuram
770 1101 826 1164 'fy-

152 1164 228 1221 riam
252 1167 306 1214 thus
321 1167 361 1214 alii
374 1178 443 1231 atque
453 1168 542 1227 odores,
557 1176 688 1231 restemque
704 1166 822 1222 linteam

152 1242 257 1291 gemmus
276 1231 316 1277 alli
334 1240 357 1279 et
373 1233 522 1295 margaritast
540 1232 594 1279 vina
609 1230 715 1279 nonnulli
730 1230 824 1290 urm,

152 1293 288 1357 venalesque
297 1295 425 1353 Asiatioost
443 1306 471 1344 ut
479 1296 644 1359 intelligeretur
654 1312 683 1343 ex
693 1295 820 1353 mercibus,
921 1317 922 1324 ι

151 1354 237 1420 quibus
247 1372 276 1405 ex
286 1359 341 1407 locis
352 1360 491 1423 navigarent.
509 1362 564 1408 Non
574 1360 727 1423 providerant,
737 1374 774 1406 eas
784 1358 825 1421 ip-

152 1436 189 1469 sas
199 1422 242 1469 sibi
252 1438 331 1471 causas
342 1438 389 1473 esse
396 1426 500 1488 periurii,
512 1425 597 1487 quibus
607 1423 746 1485 adjumentis
756 1438 781 1470 se
791 1422 824 1470 ad

151 1486 250 1535 salutem
260 1488 296 1535 uti
306 1488 482 1537 arbitrabantur.
498 1490 546 1537 Iste
562 1489 624 1535 enim
637 1488 687 1535 haee
697 1502 735 1536 eoa
745 1502 775 1534 ex
783 1487 823 1549 pi.

151 1560 253 1599 ratarum
265 1552 641 1616 weletateadeptosessedioebatt
663 1551 823 1615 ipsosinlau-
911 1548 916 1557 '

152 1616 238 1663 tumias
248 1616 331 1664 abduci
340 1617 483 1680 imperabat:
506 1632 575 1665 naves
584 1632 664 1665 eorum
674 1626 744 1679 atque
752 1630 827 1663 onere

152 1678 273 1743 diligenter
283 1680 418 1728 emanantia
424 1684 526 1730 curabat.

184 1743 267 1792 ΙΝΙΙ.
285 1738 333 1792 His
341 1745 450 1793 institutis
460 1762 514 1793 cum
525 1746 651 1809 completus
665 1746 715 1805 jam
732 1757 821 1791 meroa-

152 1815 229 1855 torum
239 1822 314 1856 carcer
324 1818 389 1867 esset,
400 1818 451 1857 tum
457 1810 598 1868 illaiiebaut,
607 1825 660 1884 quae
669 1811 695 1856 lt
703 1807 819 1868 Suetium,

152 1872 253 1934 equitem
270 1873 413 1934 Romanum,
431 1874 580 1923 lectissimum
597 1890 683 1931 virum,
694 1873 767 1920 dioere
778 1886 821 1919 au·

151 1935 226 1994 distis,
235 1951 287 1999 quae
294 1946 386 1987 ceteros
396 1939 499 1987 audietis.
516 1938 620 1986 Cersioes
627 1939 652 1985 in
662 1942 749 1985 tartare
756 1937 821 1982 frana

151 1996 272 2063 gebantur'
281 2001 438 2065 indignissime
454 2004 540 2051 eirirrm
551 2004 720 2061 Romauomm,
731 2008 758 2047 nt
767 2001 821 2061 jam

151 2062 192 2111 illa
203 2078 248 2113 ror
254 2074 277 2113 et
286 2066 424 2141 imploratio,
443 2070 460 2097 “
471 2069 539 2115 Civis
547 2069 669 2115 Romanos
678 2065 758 2123 sum‚’‘
765 2079 821 2127 qute

151 2142 211 2193 sepe
221 2130 309 2187 multis,
321 2145 346 2178 111
356 2130 443 2178 ultimis
460 2132 533 2189 terris,
550 2146 618 2195 opem
635 2132 696 2178 inter
711 2130 821 2177 barbaros

151 2201 175 2240 et
192 2193 289 2241 salutem
303 2194 366 2255 tulit,
381 2210 408 2242 ea
419 2204 518 2243 mortem
527 2195 573 2243 illis
583 2195 720 2243 aoerbiorem
731 2201 754 2240 et
763 2208 819 2255 sup-

150 2256 247 2369 ffiium
257 2258 370 2306 maturius
380 2258 454 2307 ferret.
472 2259 537 2318 Quid
547 2268 590 2318 est,
600 2259 682 2307 Verres
691 2261 703 2305 i
719 2256 776 2321 quid
786 2256 817 2304 ad

216 2322 302 2385 cogitas
318 2322 471 2386 respondere?
495 2338 554 2371 num
570 2323 664 2371 mentiri
679 2324 737 2369 me?
758 2334 818 2368 num

151 2386 238 2449 lingere
256 2387 362 2451 aliquid?
379 2381 437 2434 num
453 2401 537 2446 augere
552 2388 658 2436 erbum?
682 2400 739 2433 num
759 2384 817 2449 quid

150 2448 235 2498 borum
252 2451 327 2499 dicere
342 2451 391 2499 istis
408 2452 564 2500 defensoribus
583 2452 628 2499 tuis
641 2451 732 2498 audes?
754 2449 820 2497 Oeno

150 2514 219 2573 mihi,
229 2530 315 2579 quero,
330 2530 359 2563 ex
369 2515 441 2579 ipsius
458 2516 510 2563 sinu
525 2516 602 2564 literas
616 2514 818 2579 Siramnanomtn,

144 2579 255 2638 quasiste
264 2580 295 2628 ad
308 2580 429 2630 arbitrium
447 2593 516 2630 suum
530 2580 644 2630 oonfeena
657 2594 705 2630 esse
720 2577 820 2627 uuna«
