1850 2909
133 73 182 123 226
268 70 337 121 PRO
355 71 544 125 GLUENTIO.
560 70 626 120 cn.
636 70 675 119 60.

128 198 189 247 ontio
199 214 287 250 venmo
297 215 346 249 esse
359 204 485 251 sublatum.
503 198 642 263 Opportune
657 198 721 245 edent
731 196 820 247 homo

126 264 221 313 summi
232 264 277 311 fide
292 274 314 313 et
325 265 389 313 omni
401 267 486 313 virtute
496 263 614 326 preditus,
627 263 656 312 11.
664 262 817 323 'Plaetorium

127 337 226 389 senator,
243 330 284 393 qui
298 329 361 378 illius
377 328 474 441 Ceplueis
488 329 571 393 hospes
585 328 630 374 fuit
641 326 818 375 etfamiliaris.

127 391 202 455 Apud
210 394 273 441 hunc
280 394 320 441 ille
328 394 411 442 anae
434 392 546 448 abitevite
563 392 626 455 apud
633 392 696 439 hunc
703 400 817 453 aegtota·

127 457 162 503 vit
170 474 178 514 ς
187 457 258 519 hujus
266 456 330 506 domi
338 467 490 507 estmortuus.
505 457 621 505 Athaeres
628 465 662 503 eet
669 454 816 503 Cluentius.

128 520 267 569 Inteststum
278 522 328 571 dinc
339 538 386 571 esse
394 531 522 580 mortuum,
529 520 741 584 possessionemque
752 520 819 579 ejus

128 584 251 644 bonorum,
270 585 374 649 presteris
393 587 476 647 edicto,
493 585 557 645 huic,
571 585 634 632 illius
649 583 732 631 sororis
745 582 819 644 filio,

129 649 266 697 adolescenti
274 650 448 713 pudentissimo,
457 659 481 698 et
490 650 516 696 in
525 650 608 714 primis
614 650 718 705 honesto,
731 648 822 711 equiti

129 712 232 761 Romani
242 714 329 773 datam,
341 716 454 765 Numerio
465 715 581 773 Cluentio,
594 730 665 777 quern
675 711 765 759 ridetis.
831 737 837 743 -

162 778 274 826 Alterum
284 778 387 827 veneficii
398 780 493 840 crimen,
504 778 635 842 Oppianico
645 776 699 824 huic
712 776 820 825 adoles-

131 841 199 901 centi,
217 858 271 890 cum
282 843 332 903 eJus
342 842 367 890 in
377 844 475 907 nuptiis,
488 858 552 891 more
560 842 713 902 Larinatium,
722 842 822 890 multi.

130 906 187 953 tudo
204 907 326 955 hominum
343 908 473 970 pranderet,
491 922 605 956 venenum
622 905 689 954 Aviti
707 906 819 953 consilio

131 979 253 1081 spretum:
266 971 290 1022 id
296 988 350 1020 cum
358 972 449 1021 deretur
456 973 480 1019 in
488 973 572 1030 mulso,
579 970 714 1018 Balbutium
722 984 822 1031 quem.

162 1050 196 1094 m,
205 1038 255 1097 ejus
262 1036 407 1096 familiarem,
417 1036 569 1100 intercepisse,
576 1036 670 1094 bibisse,
678 1033 820 1096 statimque

132 1114 180 1147 esse
197 1110 323 1147 mortuum.
349 1100 408 1149 Haec
422 1117 465 1164 ego
481 1101 500 1149 si
517 1101 549 1149 sic
566 1115 667 1162 agerem,
682 1106 819 1160 umquam

132 1163 191 1211 mihi
210 1165 295 1213 crimen
313 1173 374 1213 esset
388 1165 533 1225 diluendum,
543 1165 593 1213 haec
607 1162 713 1227 pluribus
728 1164 818 1213 verbis

132 1227 239 1287 dicerem,
251 1244 304 1291 quoe
314 1244 376 1279 nunc
384 1230 464 1292 paucis
476 1229 588 1293 percurrit
598 1228 670 1275 oratio
680 1241 740 1272 mee.

165 1290 231 1350 Quid
241 1308 346 1355 unquam
356 1294 442 1342 Avitus
449 1294 475 1341 in
484 1310 508 1341 se
515 1292 617 1353 admisit,
624 1300 652 1340 ut
661 1292 820 1343 hortantum

132 1356 163 1405 sb
179 1370 205 1403 eo
216 1355 304 1405 facinus
319 1372 366 1405 non
378 1358 499 1406 abhorrere
515 1357 639 1406 videatur?
656 1354 712 1431 quid
724 1364 818 1406 autem

133 1434 273 1483 magnopere
280 1420 437 1485 Oppianicum
448 1424 582 1470 metuebat?
594 1436 646 1469 cum
658 1420 697 1467 ule
709 1422 821 1471 verbum

133 1484 228 1533 omnino
242 1485 266 1531 in
284 1484 328 1534 hec
344 1486 395 1549 ipsi
409 1485 478 1535 causi
492 1487 584 1535 nullum
601 1485 675 1533 iacere
687 1485 817 1547 pomerie;

133 1548 188 1603 huic
198 1558 275 1597 eutem
287 1560 435 1611 accusatores,
450 1560 524 1599 matre
534 1550 596 1608 virt,
607 1550 685 1598 deesse
694 1563 742 1595 non
753 1565 819 1613 pos.

134 1622 199 1663 sent:
217 1614 279 1677 quod
287 1614 337 1675 jam
344 1614 482 1677 intelligetis.
499 1615 542 1663 An
547 1623 576 1661 ut
585 1614 615 1661 de
625 1614 694 1662 musi
704 1614 755 1674 ejus
766 1630 818 1677 pe.

134 1678 200 1727 riculi
211 1678 269 1725 nihil
283 1678 407 1738 decederet,
419 1678 449 1727 ed
463 1694 557 1728 eausam
569 1692 657 1726 novum
671 1678 758 1725 crimen
769 1695 819 1729 ec-

136 1742 243 1791 cederet?
260 1742 323 1806 quod
333 1751 410 1791 eutem
421 1752 513 1807 tempus
524 1742 606 1792 veneni
615 1742 686 1789 dandi
696 1741 736 1789 iilo
751 1742 819 1793 die?

135 1804 160 1853 in
179 1806 220 1853 ius
236 1805 383 1869 frequentiis?
433 1823 445 1854 r
459 1824 529 1872 quem
543 1822 611 1871 porro
626 1805 724 1854 dutum?
743 1806 817 1858 unde

136 1870 258 1918 sumtum?
274 1886 327 1933 quae
342 1870 394 1919 dein
411 1887 424 1919 e
437 1872 570 1936 interceptio
584 1871 681 1935 poculi?
702 1886 743 1919 cur
761 1886 817 1922 non

136 1934 167 1981 de
176 1934 265 1997 integro
275 1942 352 1983 sutem
363 1934 444 1983 datum
452 1939 463 1985 t
480 1936 561 1984 Multa
568 1943 632 1994 sunt,
643 1951 696 1999 quae
703 1934 748 1982 dici
756 1950 818 2000 pos.

137 2006 206 2045 suut:
224 1997 263 2045 sed
280 2013 327 2045 non
346 2000 499 2057 committent,
515 2009 543 2049 ut
556 1999 635 2048 videar
648 2015 696 2048 non
713 1998 817 2051 dicendo

137 2062 235 2110 voluisse
245 2061 333 2111 dicere:
351 2079 386 2113 res
398 2065 459 2113 enim
471 2066 522 2126 jem
533 2080 557 2113 sc
566 2064 617 2127 ipse
627 2063 740 2111 defendet.

169 2126 246 2190 Nego,
258 2126 327 2175 ilium
338 2128 513 2189 adolescentem,
522 2145 593 2193 quem
602 2128 680 2176 stetim
689 2136 756 2192 epoto
766 2144 815 2193 po-

137 2190 190 2239 culo
200 2200 319 2239 mortuum
329 2192 481 2252 metuistis,
490 2193 632 2241 omninnillo
643 2192 680 2240 die
688 2209 736 2244 esse
746 2208 816 2243 mor.

138 2264 214 2317 tuum.
231 2255 349 2319 Magnum
365 2269 387 2306 et
400 2258 523 2321 impudens
538 2257 693 2307 mendacIum.
716 2257 816 2322 Perspi-

137 2319 182 2369 cite
201 2328 288 2369 cetere
311 2321 379 2382 Dico,
399 2322 476 2378 illum,
495 2337 550 2371 cum
565 2323 595 2371 ed
609 2322 668 2370 illud
682 2321 811 2385 prandium

137 2384 229 2433 crudior
238 2384 343 2445 venisset,
355 2396 378 2435 ct
389 2389 426 2441 (ut
436 2396 490 2440 ectus
500 2386 542 2435 ille
551 2386 606 2446 fert)
617 2386 661 2434 sibi
672 2394 749 2436 tamen
760 2401 812 2435 non

138 2448 289 2510 pepercissett
310 2448 399 2514 aliquot
412 2450 460 2499 dies
471 2450 600 2514 egnum,
611 2457 635 2499 et
645 2450 678 2498 ite
688 2465 736 2499 esse
745 2464 812 2499 mer-

141 2518 216 2595 tuum.
233 2510 294 2579 Quis
304 2512 358 2563 huic
369 2514 402 2563 rei
412 2514 476 2565 testis
485 2516 539 2563 est?
555 2513 813 2580 idemquisuiluctis,
