1850 2909
163 84 211 134 asi
249 83 297 133 nii
309 70 575 133 mennonium
587 63 757 135 licinii(

161 218 220 270 sent,
238 211 332 260 consilio
351 226 405 259 meo
425 226 452 259 ao
470 210 557 258 ratione
576 209 668 273 provisa
683 216 745 257 sunt.
775 206 849 255 Non

161 275 231 323 modo
249 291 289 323 ros
303 276 365 323 eritis
379 275 404 321 in
414 275 470 334 otio,
485 274 527 337 qui
544 290 634 349 seniper
644 287 692 321 asse
704 271 848 332 volueritis,

161 354 242 387 verum
259 340 328 387 etiam
345 340 407 397 istos,
441 336 849 399 umusotiosinegouumfaoessi-

161 417 224 462 mus,
235 403 383 461 otiosissimos
390 355 493 451 rodiam
510 401 605 450 Etenim
616 402 662 449 illis
671 401 780 459 honoros,
795 416 847 463 po-

161 474 263 526 testates,
274 456 368 525 divitia,
380 483 408 515 ex
419 467 523 513 tumultu
534 474 603 529 atque
613 481 643 513 ex
653 465 847 512 dissensionibus

160 529 255 589 civium,
273 530 398 595 eomparari
415 531 503 577 solent:
524 546 573 586 vos,
593 545 692 592 quorum
706 529 790 602 grstia
814 528 845 576 iii

161 566 277 657 suffragiis
288 596 396 654 consistit,
413 594 541 641 libertasin
559 595 657 657 legibus,
668 592 756 640 honos'
749 607 778 639 ιιι
797 595 846 654 ju-

161 658 225 706 diciis
243 668 266 707 et
283 660 390 735 aequitate
406 659 563 720 magistratus,
580 667 603 705 et
615 674 651 705 tes
663 656 823 704 familiares'
812 672 843 705 ιιι

160 738 225 796 paee,
237 724 301 771 omni
311 723 397 771 ratione
407 723 481 769 otium
492 730 568 770 tenere
578 721 672 769 debetis.
689 722 762 777 Nam,
777 721 842 781 siii,

160 786 202 848 qui
216 796 313 861 propter
329 784 464 834 desidiam
456 802 482 833 in
496 787 543 833 otio
555 787 644 844 vivunt,
655 794 732 833 umen
749 785 776 831 in
790 788 843 834 suit

160 850 224 913 turpi
233 850 316 898 inertii
326 852 420 927 capiunt
431 850 588 925 voluptatem,
605 850 666 898 sul>
659 866 708 913 ipso
718 849 764 896 otio
764 866 842 913 ,quo

160 926 201 961 vos
211 914 328 962 fortunam
342 914 428 977 regitis,
441 930 459 962 si
452 914 533 962 'hunc
543 923 637 972 statum,
649 930 718 989 quem
729 912 839 975 habetis,

161 992 209 1025 mse
220 979 338 1027 meliorem
348 994 395 1027 non
411 978 540 1054 ιςιιοιιιιιι,
541 994 587 1026 non
604 987 631 1025 ut
641 979 773 1041 quantum,
791 980 839 1027 sed

160 1041 209 1088 vita
225 1051 327 1105 partum,
345 1044 418 1091 otium
435 1043 560 1090 tenueritis.
585 1042 716 1105 Quodego
733 1050 756 1088 et
772 1056 839 1090 eon-

160 1106 246 1180 ouidii,
258 1122 329 1169 quani
346 1106 696 1169 mihioonstituicumoollega,
710 1106 837 1159 (invitissi-

160 1169 205 1217 mis
221 1169 249 1217 iis
265 1170 407 1229 hominibus,
419 1186 477 1245 quos
491 1170 515 1218 in
527 1170 663 1218 consulatu
657 1170 761 1217 miurinus
778 1185 836 1219 esse

160 1240 183 1280 et
200 1233 291 1292 animis,
319 1243 342 1281 et
359 1234 459 1298 eorporis
481 1235 577 1293 actibus,
598 1234 698 1308 providi)
719 1234 835 1283 omnibus

78 1292 81 1299 ⁴
159 1298 267 1371 prospexi
277 1312 341 1357 sane,
354 1307 377 1345 et
387 1298 497 1346 remeari
515 1298 582 1346 Idem
594 1298 692 1345 tribunis
702 1298 776 1361 plebia
788 1298 834 1347 de-

159 1332 833 1474 lliilmtilililliiltltltllffi

158 1489 221 1537 tuuis
231 1489 371 1553 presidium,
389 1491 501 1549 Quirites,
516 1498 552 1550 ut,
567 1491 646 1554 quales
659 1506 700 1538 vos
716 1490 831 1540 hodierno

158 1552 196 1601 dia
213 1554 316 1601 manuni
332 1555 439 1603 onncione
451 1554 511 1601 milii
527 1570 569 1630 pro
584 1555 657 1602 saluta
674 1555 750 1603 vestri
767 1571 831 1618 prze-

158 1618 248 1679 buisfis,
266 1619 323 1666 tales
341 1618 435 1683 reliquis
459 1619 601 1681 tenporibus
619 1618 751 1682 reipublieoe
766 1634 830 1682 prsi-

157 1682 237 1729 beatis.
255 1682 301 1729 Pro
309 1690 370 1729 nerto
379 1683 487 1745 polliceor
497 1682 540 1730 hon
546 1683 610 1730 nobis
611 1692 696 1758 ,atque
705 1683 828 1742 onniirmo,

157 1759 197 1792 me
207 1762 255 1793 esse
265 1747 428 1809 perfecturum,
439 1754 467 1793 ut
475 1748 525 1807 jam
536 1746 629 1793 taudem
639 1745 683 1806 illi,
692 1762 733 1810 qui
725 1718 828 1795 'honori

157 1808 288 1857 inviderunt
298 1825 358 1869 meo,
370 1819 447 1861 tamen
458 1826 499 1857 vos
509 1811 634 1872 universos,
645 1811 671 1859 in
681 1812 774 1860 oonsule
782 1811 829 1859 de·-

157 1872 257 1936 ligendo,
268 1874 398 1937 plurimum
408 1874 491 1923 vidisse
500 1875 622 1922 fateantur.
