1850 2909
158 103 206 149 22⁰
287 102 356 152 PRO
374 102 563 151 CLUENTIO.
580 102 644 150 Gne.
658 102 698 148 55.

88 204 92 215 “
157 242 204 277 esee
214 228 331 291 confitear)
342 230 476 293 hujusmodi
483 238 526 289 eet,
535 238 562 277 ut
572 229 719 279 eommuutis
729 227 763 276 eie
772 194 836 291 epus

157 293 187 339 sit
205 293 303 355 legibus,
321 309 368 341 non
387 304 414 341 ut
428 294 464 353 iis,
485 310 538 358 quse
556 302 619 353 sunt,
636 308 684 339 non
700 308 834 356 pereamus.

157 356 257 417 Deinde,
264 358 316 421 quis
327 374 431 422 unquam
439 359 483 406 hoe
494 368 584 406 senator
593 357 716 413 temsevit,
727 365 764 416 ut,
776 372 833 403 eum
916 411 917 418 ἵ

157 421 262 469 altiorem
273 422 371 485 gradum
382 422 508 485 dignitatis,
519 421 629 471 beneficio
639 421 721 484 populi
727 418 834 467 Romani

158 496 215 533 esset
225 496 366 544 consecutus,
375 502 402 533 eo
413 502 437 534 se
446 494 538 549 putaret
548 486 678 533 durioribus
685 486 765 547 legum
776 499 833 531 oon·

158 549 282 599 ditionibus
291 552 382 603 utinen
392 553 515 613 oportere?
531 550 612 610 Quam
622 550 698 597 multe
706 557 762 596 sunt
767 564 834 595 eom·

157 614 235 673 moda,
258 614 343 678 quibus
360 630 462 663 caremus
475 614 482 661 1
507 613 579 678 quem
596 614 673 661 multe
690 613 787 661 molesta
804 627 832 660 ae

158 678 268 737 difficilis,
275 694 328 741 quse
335 679 452 727 subimus!
465 687 535 741 etque
544 679 594 725 heee
600 677 679 725 omnia
687 686 780 725 tantum
788 676 831 723 ho-

158 742 219 789 noris
230 751 253 789 et
261 741 418 805 amplitudinis
427 742 552 791 oommodis
563 750 747 805 eompenmntur.
767 740 832 787 Con·

158 814 221 853 verte
230 820 292 853 nune
303 816 326 853 te
336 807 365 853 ed
380 816 508 870 equestrem
520 806 633 863 ordinem,
647 814 718 868 etque
727 805 752 851 in
764 813 833 852 eete-

84 900 86 907 ·
158 886 196 917 ros
206 870 311 927 ordines3
329 870 419 919 easdem
430 870 483 918 vitae
497 870 636 918 eonditiones
645 884 692 916 non
706 868 831 932 petierent.
916 903 917 914 ,

111 980 113 983 .
159 933 248 981 Putant
260 934 331 993 enim,
344 933 423 983 miuus
436 935 523 982 multos
538 934 582 981 sibi
595 934 690 997 laqueos
703 934 831 995 legumet
916 925 917 1002 J

159 998 324 1056 conditionum,
332 1014 358 1047 ee
366 998 515 1060 judiciorum,
523 998 650 1061 propositos
658 1013 707 1045 esee
715 1005 831 1060 oportere,

159 1062 200 1125 qui
217 1063 241 1109 in
261 1078 379 1110 summum
393 1064 471 1111 locum
485 1061 582 1110 civitatis
596 1070 637 1109 eut
651 1060 832 1124 nonpotuerint
916 1095 917 1108 i

159 1126 302 1187 adscendere,
318 1135 358 1173 eut
375 1142 421 1174 non
435 1126 564 1189 petiverint
581 1130 670 1189 Atque,
681 1133 709 1171 ut
722 1124 831 1172 omittam

158 1188 220 1251 leges
230 1190 286 1237 alias
297 1205 383 1247 omnes,
396 1192 480 1255 quibus
490 1206 532 1238 nos
542 1198 656 1248 tenemur,
665 1190 740 1241 ceteri
750 1201 831 1235 eutem

159 1262 213 1299 sunt
223 1253 313 1301 ordines
323 1254 428 1311 liberati;
445 1255 505 1302 hene
518 1254 593 1318 ipsam
605 1253 690 1316 legem,
706 1256 765 1301 “ne
777 1253 830 1316 quie

156 1316 243 1376 judicio
261 1317 488 1378 cirumventam?
505 1319 533 1365 C.
548 1318 666 1365 Graoehus
685 1317 755 1364 tulit:
777 1332 830 1364 enm

158 1380 617 1445 legetnproplebe,noninplebem,tulit2
631 1381 829 1439 Pontanena,
916 1417 917 1434 2

86 1492 89 1496 ,
121 1474 123 1486 ι
158 1444 344 1509 homoepopuli
354 1446 423 1494 111111
433 1446 606 1505 remotissimus,
615 1453 701 1503 tamen,
713 1460 768 1493 cum
780 1447 830 1506 ejus
916 1445 917 1456 ²

159 1509 193 1556 rei
210 1510 358 1573 questionem
376 1511 419 1558 hee
433 1508 483 1574 ipsi
496 1512 547 1573 lege
562 1510 716 1569 constitueret,
728 1510 776 1572 qud
791 1525 831 1558 vos

159 1572 203 1621 hoe
209 1583 311 1637 tempore
319 1575 434 1635 judicetis,
443 1576 556 1637 populum
563 1574 708 1633 Romanum,
719 1588 791 1636 quem
797 1575 830 1647 eb

121 1640 123 1647 '
159 1637 204 1711 hee
213 1654 295 1701 genere
305 1639 404 1687 liberum
414 1647 539 1702 acceperet,
548 1638 641 1701 adigere
650 1653 711 1686 novo
721 1647 830 1700 questro·
916 1655 917 1700 j

160 1715 196 1747 ms
206 1718 288 1764 genere
298 1718 367 1749 ausus
377 1718 424 1751 non
435 1710 475 1751 est.
492 1701 563 1761 Quod
578 1702 597 1749 si
611 1702 661 1748 fieri
670 1717 737 1764 posse
751 1702 830 1749 existi-

160 1764 261 1823 mtsset3
278 1782 320 1839 pro
334 1767 375 1813 illo
385 1766 438 1814 odio
448 1767 511 1830 quod
524 1765 605 1814 hebuit
616 1766 642 1812 in
652 1774 782 1830 equestrem
792 1780 830 1813 or·

161 1827 247 1886 dinem,
265 1830 324 1876 mhil
338 1830 426 1877 fecisset
440 1830 557 1890 libentius,
568 1845 640 1893 quem
654 1844 749 1878 omnem
763 1830 830 1878 illem

159 1892 305 1941 eoerbitatem
315 1894 485 1957 proscriptionis
495 1911 551 1955 suae,
564 1892 623 1957 [quir
633 1902 668 1941 eet
678 1895 746 1958 usus]
758 1894 783 1942 in
791 1909 830 1941 ve-

160 1964 218 2003 teres
223 1956 319 2017 judiees,
331 1957 356 2003 in
366 1958 425 2006 hene
435 1974 508 2005 unam
518 1958 667 2021 questionem
678 1957 818 2006 contulisset.

193 2020 244 2072 Nee
254 2035 316 2069 nunc
323 2021 451 2086 quimuem
458 2022 542 2086 agitur,
550 2021 619 2077 (mihi
629 2022 721 2080 credite,
730 2023 828 2083 illdiffls
916 2031 917 2074 Ϊ

159 2091 183 2131 et
189 2085 310 2148 prospicite
320 2086 352 2145 id,
362 2087 424 2149 quod
430 2086 597 2150 providendum
605 2093 649 2143 eet)
657 2086 701 2133 nisi
711 2094 739 2133 ut
750 2102 829 2151 eques-

159 2156 193 2197 ter
204 2150 259 2197 01ᾱο
265 2150 295 2207 jn
307 2150 402 2214 hujusee
412 2152 469 2214 legis
479 2151 608 2214 perieulum
618 2150 757 2197 includetur.
779 2152 829 2199 Ne-

159 2229 205 2276 que
219 2214 263 2262 hoc
276 2215 352 2278 agitur
367 2217 397 2263 ab
411 2215 527 2275 omnibus,
543 2215 583 2261 sed
597 2230 612 2261 e
627 2214 713 2277 paucis.
734 2214 800 2262 Nem
811 2216 828 2263 ii

160 2287 281 2338 senatores,
295 2280 336 2343 qui
355 2294 379 2327 se
392 2279 459 2327 futile
473 2287 567 2326 tuentur
574 2278 711 2341 ‚integritate
725 2286 748 2325 et
762 2279 827 2328 inno-

160 2342 243 2403 centii,
251 2344 329 2405 quales
341 2346 378 2397 (ut
389 2359 440 2391 vere
451 2343 537 2402 dieem)
544 2358 583 2390 vos
593 2343 655 2402 estis,
667 2352 691 2390 et
700 2344 776 2392 eaeteri
787 2344 828 2419 qui

159 2406 208 2455 eine
214 2406 337 2469 eupiditate
345 2407 459 2463 vixerunt,
469 2407 564 2471 equites,
573 2406 648 2453 ordini
658 2407 771 2454 senatorio
778 2408 827 2471 drg-

159 2470 231 2517 nitete
246 2470 371 2534 proximos,
387 2470 507 2519 concordie
520 2470 716 2530 conjunctissimos
730 2486 779 2519 esse
788 2488 827 2520 eu·

158 2533 240 2593 piuntt
258 2532 298 2579 sed
307 2534 332 2593 ii,
344 2533 385 2597 qui
393 2550 417 2581 se
424 2534 505 2581 volunt
511 2546 577 2597 posse
587 2533 673 2592 omnia,
684 2549 760 2598 neque

158 2603 219 2643 terea
229 2596 358 2660 quidquam
365 2613 413 2647 esee
419 2606 460 2646 eut
466 2597 491 2644 111
501 2596 595 2645 homine
601 2596 650 2645 ullo
656 2597 728 2645 autin
738 2550 826 2658 ordia·
