<?xml version="1.0" encoding="UTF-8"?>
<!DOCTYPE html PUBLIC "-//W3C//DTD XHTML 1.0 Transitional//EN"
    "http://www.w3.org/TR/xhtml1/DTD/xhtml1-transitional.dtd">
<html xmlns="http://www.w3.org/1999/xhtml" xml:lang="en" lang="en">
 <head>
  <title>
</title>
<meta http-equiv="Content-Type" content="text/html;charset=utf-8" />
  <meta name='ocr-system' content='tesseract 3.04.00' />
  <meta name='ocr-capabilities' content='ocr_page ocr_carea ocr_par ocr_line ocrx_word'/>
</head>
<body>
  <div class='ocr_page' id='page_1' title='image "./operaexeditioni00ernegoog_0305.png"; bbox 0 0 1850 2909; ppageno 0'>
   <div class='ocr_carea' id='block_1_1' title="bbox 333 438 574 490">
    <p class='ocr_par' dir='ltr' id='par_1_1' title="bbox 333 438 574 490">
     <span class='ocr_line' id='line_1_1' title="bbox 333 438 574 490; baseline 0.008 -3"><span class='ocrx_word' id='word_1_1' title='bbox 333 438 471 488; x_wconf 81' lang='lat' dir='ltr'><strong>ORATIO</strong></span> <span class='ocrx_word' id='word_1_2' title='bbox 487 440 574 490; x_wconf 87' lang='lat' dir='ltr'><strong>XVII.</strong></span> 
     </span>
    </p>
   </div>
   <div class='ocr_carea' id='block_1_2' title="bbox 157 678 738 906">
    <p class='ocr_par' dir='ltr' id='par_1_2' title="bbox 157 678 738 906">
     <span class='ocr_line' id='line_1_2' title="bbox 218 678 684 797; baseline 0.011 -30"><span class='ocrx_word' id='word_1_3' title='bbox 218 704 282 769; x_wconf 80' lang='lat' dir='ltr'><strong>on</strong></span> <span class='ocrx_word' id='word_1_4' title='bbox 306 707 433 797; x_wconf 73' lang='lat' dir='ltr'><strong>noun</strong></span> <span class='ocrx_word' id='word_1_5' title='bbox 455 678 684 789; x_wconf 76' lang='lat' dir='ltr'><strong>nonnoni,</strong></span> 
     </span>
     <span class='ocr_line' id='line_1_3' title="bbox 157 844 738 906; baseline 0.015 -12"><span class='ocrx_word' id='word_1_6' title='bbox 157 844 304 899; x_wconf 79' lang='lat' dir='ltr'><strong>CONTRA</strong></span> <span class='ocrx_word' id='word_1_7' title='bbox 321 850 350 898; x_wconf 88' lang='lat' dir='ltr'><strong>P.</strong></span> <span class='ocrx_word' id='word_1_8' title='bbox 367 850 564 903; x_wconf 81' lang='lat' dir='ltr'>SERVILIUM</span> <span class='ocrx_word' id='word_1_9' title='bbox 580 856 738 906; x_wconf 79' lang='lat' dir='ltr'><strong>RULLUM.</strong></span> 
     </span>
    </p>
   </div>
   <div class='ocr_carea' id='block_1_3' title="bbox 364 1018 545 1083">
    <p class='ocr_par' dir='ltr' id='par_1_3' title="bbox 364 1018 545 1083">
     <span class='ocr_line' id='line_1_4' title="bbox 364 1018 545 1083; baseline 0.028 -18"><span class='ocrx_word' id='word_1_10' title='bbox 364 1018 405 1066; x_wconf 85' lang='lat' dir='ltr'><strong>Ad</strong></span> <span class='ocrx_word' id='word_1_11' title='bbox 416 1022 545 1083; x_wconf 69' lang='lat' dir='ltr'><strong>Populum</strong></span> 
     </span>
    </p>
   </div>
   <div class='ocr_carea' id='block_1_4' title="bbox 402 1163 494 1207">
    <p class='ocr_par' dir='ltr' id='par_1_4' title="bbox 402 1163 494 1207">
     <span class='ocr_line' id='line_1_5' title="bbox 402 1163 494 1207; baseline 0.022 -10"><span class='ocrx_word' id='word_1_12' title='bbox 402 1163 494 1207; x_wconf 56' lang='grc' dir='ltr'><strong>-φ-</strong></span> 
     </span>
    </p>
   </div>
   <div class='ocr_carea' id='block_1_5' title="bbox 112 1298 809 2455">
    <p class='ocr_par' dir='ltr' id='par_1_5' title="bbox 112 1298 809 1859">
     <span class='ocr_line' id='line_1_6' title="bbox 148 1298 809 1365; baseline 0.008 -20"><span class='ocrx_word' id='word_1_13' title='bbox 148 1298 170 1345; x_wconf 89' lang='grc' dir='ltr'><strong>Ι.</strong></span> <span class='ocrx_word' id='word_1_14' title='bbox 187 1298 363 1353; x_wconf 59' lang='lat' dir='ltr'><strong>(Bounomos</strong></span> <span class='ocrx_word' id='word_1_15' title='bbox 375 1300 663 1365; x_wconf 84' lang='lat' dir='ltr'><strong>fecissenttn&#39;buniplebis,</strong></span> <span class='ocrx_word' id='word_1_16' title='bbox 671 1299 784 1363; x_wconf 85' lang='lat' dir='ltr'><strong>Quirites,</strong></span> <span class='ocrx_word' id='word_1_17' title='bbox 804 1299 809 1307; x_wconf 88' lang='lat'><em>&#39;</em></span> 
     </span>
     <span class='ocr_line' id='line_1_7' title="bbox 113 1361 784 1429; baseline 0.007 -21"><span class='ocrx_word' id='word_1_18' title='bbox 113 1361 142 1419; x_wconf 85' lang='lat' dir='ltr'><strong>si,</strong></span> <span class='ocrx_word' id='word_1_19' title='bbox 155 1377 207 1425; x_wconf 77' lang='lat' dir='ltr'><strong>quur</strong></span> <span class='ocrx_word' id='word_1_20' title='bbox 217 1364 280 1426; x_wconf 80' lang='lat' dir='ltr'><strong>apud</strong></span> <span class='ocrx_word' id='word_1_21' title='bbox 291 1380 330 1412; x_wconf 84' lang='lat' dir='ltr'><strong>vos</strong></span> <span class='ocrx_word' id='word_1_22' title='bbox 340 1365 369 1412; x_wconf 90' lang='lat' dir='ltr'><strong>de</strong></span> <span class='ocrx_word' id='word_1_23' title='bbox 379 1381 417 1414; x_wconf 90' lang='lat' dir='ltr'><strong>me</strong></span> <span class='ocrx_word' id='word_1_24' title='bbox 428 1367 568 1427; x_wconf 85' lang='lat' dir='ltr'><strong>detulerunt,</strong></span> <span class='ocrx_word' id='word_1_25' title='bbox 577 1384 605 1415; x_wconf 85' lang='lat' dir='ltr'><strong>es</strong></span> <span class='ocrx_word' id='word_1_26' title='bbox 614 1382 690 1414; x_wconf 86' lang='lat' dir='ltr'><strong>eorem</strong></span> <span class='ocrx_word' id='word_1_27' title='bbox 698 1367 784 1429; x_wconf 86' lang='lat' dir='ltr'><strong>potius,</strong></span> 
     </span>
     <span class='ocr_line' id='line_1_8' title="bbox 112 1428 785 1494; baseline 0.009 -22"><span class='ocrx_word' id='word_1_28' title='bbox 112 1440 153 1473; x_wconf 88' lang='lat' dir='ltr'><strong>me</strong></span> <span class='ocrx_word' id='word_1_29' title='bbox 170 1436 290 1490; x_wconf 72' lang='lat' dir='ltr'><strong>praesente,</strong></span> <span class='ocrx_word' id='word_1_30' title='bbox 308 1428 432 1477; x_wconf 81' lang='lat' dir='ltr'><strong>dixissent:</strong></span> <span class='ocrx_word' id='word_1_31' title='bbox 450 1446 505 1479; x_wconf 81' lang='lat' dir='ltr'><strong>nem</strong></span> <span class='ocrx_word' id='word_1_32' title='bbox 520 1440 544 1478; x_wconf 91' lang='lat' dir='ltr'><strong>et</strong></span> <span class='ocrx_word' id='word_1_33' title='bbox 560 1431 691 1494; x_wconf 77' lang='lat' dir='ltr'><strong>aequitstem</strong></span> <span class='ocrx_word' id='word_1_34' title='bbox 705 1439 785 1478; x_wconf 78' lang='lat' dir='ltr'><strong>vestrae</strong></span> 
     </span>
     <span class='ocr_line' id='line_1_9' title="bbox 113 1489 786 1558; baseline 0.004 -20"><span class='ocrx_word' id='word_1_35' title='bbox 113 1489 291 1553; x_wconf 74' lang='lat' dir='ltr'><strong>disceptationis,</strong></span> <span class='ocrx_word' id='word_1_36' title='bbox 303 1502 326 1539; x_wconf 83' lang='lat' dir='ltr'><strong>et</strong></span> <span class='ocrx_word' id='word_1_37' title='bbox 343 1495 531 1541; x_wconf 84' lang='lat' dir='ltr'><strong>consuetudinem</strong></span> <span class='ocrx_word' id='word_1_38' title='bbox 543 1495 696 1558; x_wconf 83' lang='lat' dir='ltr'><strong>superiorum,</strong></span> <span class='ocrx_word' id='word_1_39' title='bbox 708 1502 732 1540; x_wconf 88' lang='lat' dir='ltr'><strong>et</strong></span> <span class='ocrx_word' id='word_1_40' title='bbox 746 1496 786 1554; x_wconf 84' lang='lat' dir='ltr'><strong>jur</strong></span> 
     </span>
     <span class='ocr_line' id='line_1_10' title="bbox 113 1556 786 1621; baseline 0.006 -20"><span class='ocrx_word' id='word_1_41' title='bbox 113 1570 162 1601; x_wconf 83' lang='lat' dir='ltr'><strong>eure</strong></span> <span class='ocrx_word' id='word_1_42' title='bbox 179 1556 304 1618; x_wconf 71' lang='lat' dir='ltr'><strong>potestatis,</strong></span> <span class='ocrx_word' id='word_1_43' title='bbox 327 1558 480 1605; x_wconf 81' lang='lat' dir='ltr'><strong>retinuissent.</strong></span> <span class='ocrx_word' id='word_1_44' title='bbox 504 1558 559 1618; x_wconf 86' lang='lat' dir='ltr'><strong>Sed,</strong></span> <span class='ocrx_word' id='word_1_45' title='bbox 582 1558 692 1621; x_wconf 77' lang='lat' dir='ltr'><strong>quonism</strong></span> <span class='ocrx_word' id='word_1_46' title='bbox 709 1556 786 1605; x_wconf 79' lang='lat' dir='ltr'><strong>adhuc</strong></span> 
     </span>
     <span class='ocr_line' id='line_1_11' title="bbox 112 1622 784 1686; baseline 0.003 -22"><span class='ocrx_word' id='word_1_47' title='bbox 112 1632 213 1681; x_wconf 65' lang='lat' dir='ltr'><strong>presens</strong></span> <span class='ocrx_word' id='word_1_48' title='bbox 224 1630 338 1668; x_wconf 83' lang='lat' dir='ltr'><strong>certamen</strong></span> <span class='ocrx_word' id='word_1_49' title='bbox 345 1622 560 1686; x_wconf 88' lang='lat' dir='ltr'><strong>contentionemque</strong></span> <span class='ocrx_word' id='word_1_50' title='bbox 570 1622 695 1683; x_wconf 79' lang='lat' dir='ltr'><strong>fugerunt3</strong></span> <span class='ocrx_word' id='word_1_51' title='bbox 713 1635 784 1682; x_wconf 88' lang='lat' dir='ltr'><strong>nune,</strong></span> 
     </span>
     <span class='ocr_line' id='line_1_12' title="bbox 113 1682 784 1749; baseline 0.003 -20"><span class='ocrx_word' id='word_1_52' title='bbox 113 1682 133 1729; x_wconf 90' lang='lat' dir='ltr'><strong>si</strong></span> <span class='ocrx_word' id='word_1_53' title='bbox 145 1682 235 1731; x_wconf 85' lang='lat' dir='ltr'><strong>videtur</strong></span> <span class='ocrx_word' id='word_1_54' title='bbox 245 1684 318 1745; x_wconf 58' lang='lat' dir='ltr'><strong>eicio</strong></span> <span class='ocrx_word' id='word_1_55' title='bbox 329 1701 405 1735; x_wconf 78' lang='lat' dir='ltr'><strong>meam</strong></span> <span class='ocrx_word' id='word_1_56' title='bbox 417 1688 549 1735; x_wconf 90' lang='lat' dir='ltr'><strong>concionem</strong></span> <span class='ocrx_word' id='word_1_57' title='bbox 556 1686 683 1749; x_wconf 77' lang='lat' dir='ltr'><strong>prodeant3</strong></span> <span class='ocrx_word' id='word_1_58' title='bbox 699 1693 784 1748; x_wconf 84' lang='lat' dir='ltr'><strong>etque,</strong></span> 
     </span>
     <span class='ocr_line' id='line_1_13' title="bbox 112 1748 785 1809; baseline 0.006 -16"><span class='ocrx_word' id='word_1_59' title='bbox 112 1748 229 1809; x_wconf 80' lang='lat' dir='ltr'><strong>provocati</strong></span> <span class='ocrx_word' id='word_1_60' title='bbox 247 1764 261 1795; x_wconf 80' lang='lat' dir='ltr'><strong>e</strong></span> <span class='ocrx_word' id='word_1_61' title='bbox 279 1764 325 1809; x_wconf 89' lang='lat' dir='ltr'><strong>me,</strong></span> <span class='ocrx_word' id='word_1_62' title='bbox 344 1750 421 1799; x_wconf 87' lang='lat' dir='ltr'><strong>venire</strong></span> <span class='ocrx_word' id='word_1_63' title='bbox 437 1752 571 1809; x_wconf 89' lang='lat' dir='ltr'><strong>noluerunt,</strong></span> <span class='ocrx_word' id='word_1_64' title='bbox 587 1748 686 1797; x_wconf 75' lang='lat' dir='ltr'><strong>revocati</strong></span> <span class='ocrx_word' id='word_1_65' title='bbox 703 1748 785 1797; x_wconf 81' lang='lat' dir='ltr'><strong>saltem</strong></span> 
     </span>
     <span class='ocr_line' id='line_1_14' title="bbox 113 1820 265 1859; baseline 0.007 -1"><span class='ocrx_word' id='word_1_66' title='bbox 113 1820 265 1859; x_wconf 81' lang='lat' dir='ltr'><strong>revertentur.</strong></span> 
     </span>
    </p>

    <p class='ocr_par' dir='ltr' id='par_1_6' title="bbox 113 1875 803 2455">
     <span class='ocr_line' id='line_1_15' title="bbox 146 1875 785 1943; baseline 0.003 -20"><span class='ocrx_word' id='word_1_67' title='bbox 146 1875 222 1923; x_wconf 91' lang='lat' dir='ltr'><strong>Video</strong></span> <span class='ocrx_word' id='word_1_68' title='bbox 233 1877 354 1939; x_wconf 73' lang='lat' dir='ltr'><strong>quosdam,</strong></span> <span class='ocrx_word' id='word_1_69' title='bbox 368 1877 482 1937; x_wconf 83' lang='lat' dir='ltr'><strong>Quirites,</strong></span> <span class='ocrx_word' id='word_1_70' title='bbox 493 1878 589 1943; x_wconf 78' lang='lat' dir='ltr'><strong>strepitu</strong></span> <span class='ocrx_word' id='word_1_71' title='bbox 600 1876 730 1941; x_wconf 73' lang='lat' dir='ltr'><strong>significare</strong></span> <span class='ocrx_word' id='word_1_72' title='bbox 744 1892 785 1925; x_wconf 83' lang='lat' dir='ltr'><strong>ne·</strong></span> 
     </span>
     <span class='ocr_line' id='line_1_16' title="bbox 115 1938 787 2006; baseline 0.004 -20"><span class='ocrx_word' id='word_1_73' title='bbox 115 1938 164 1987; x_wconf 89' lang='lat' dir='ltr'><strong>scio</strong></span> <span class='ocrx_word' id='word_1_74' title='bbox 175 1939 240 2003; x_wconf 92' lang='lat' dir='ltr'><strong>quid,</strong></span> <span class='ocrx_word' id='word_1_75' title='bbox 252 1950 275 1988; x_wconf 90' lang='lat' dir='ltr'><strong>et</strong></span> <span class='ocrx_word' id='word_1_76' title='bbox 287 1957 334 1989; x_wconf 91' lang='lat' dir='ltr'><strong>non</strong></span> <span class='ocrx_word' id='word_1_77' title='bbox 345 1942 436 1991; x_wconf 83' lang='lat' dir='ltr'><strong>eosdem</strong></span> <span class='ocrx_word' id='word_1_78' title='bbox 448 1944 534 2003; x_wconf 85' lang='lat' dir='ltr'><strong>vultus,</strong></span> <span class='ocrx_word' id='word_1_79' title='bbox 546 1958 604 2006; x_wconf 91' lang='lat' dir='ltr'><strong>quos</strong></span> <span class='ocrx_word' id='word_1_80' title='bbox 616 1942 723 2006; x_wconf 74' lang='lat' dir='ltr'><strong>proximi</strong></span> <span class='ocrx_word' id='word_1_81' title='bbox 733 1942 787 1990; x_wconf 71' lang='lat' dir='ltr'><strong>med</strong></span> 
     </span>
     <span class='ocr_line' id='line_1_17' title="bbox 113 2004 785 2068; baseline 0 -16"><span class='ocrx_word' id='word_1_82' title='bbox 113 2004 222 2052; x_wconf 82' lang='lat' dir='ltr'><strong>concione</strong></span> <span class='ocrx_word' id='word_1_83' title='bbox 238 2008 394 2068; x_wconf 89' lang='lat' dir='ltr'><strong>praebuerunt,</strong></span> <span class='ocrx_word' id='word_1_84' title='bbox 409 2007 434 2053; x_wconf 94' lang='lat' dir='ltr'><strong>in</strong></span> <span class='ocrx_word' id='word_1_85' title='bbox 448 2007 509 2055; x_wconf 81' lang='lat' dir='ltr'><strong>hunc</strong></span> <span class='ocrx_word' id='word_1_86' title='bbox 526 2007 656 2055; x_wconf 83' lang='lat' dir='ltr'><strong>concionem</strong></span> <span class='ocrx_word' id='word_1_87' title='bbox 673 2006 732 2054; x_wconf 82' lang='lat' dir='ltr'><strong>mssri</strong></span> <span class='ocrx_word' id='word_1_88' title='bbox 748 2021 785 2052; x_wconf 89' lang='lat' dir='ltr'><strong>re·</strong></span> 
     </span>
     <span class='ocr_line' id='line_1_18' title="bbox 113 2067 784 2134; baseline 0.004 -18"><span class='ocrx_word' id='word_1_89' title='bbox 113 2068 201 2116; x_wconf 83' lang='lat' dir='ltr'><strong>tulisse</strong></span> <span class='ocrx_word' id='word_1_90' title='bbox 218 2067 298 2128; x_wconf 73' lang='lat' dir='ltr'><strong>Quare</strong></span> <span class='ocrx_word' id='word_1_91' title='bbox 311 2086 325 2117; x_wconf 80' lang='lat' dir='ltr'><strong>e</strong></span> <span class='ocrx_word' id='word_1_92' title='bbox 337 2070 410 2130; x_wconf 86' lang='lat' dir='ltr'><strong>vobis,</strong></span> <span class='ocrx_word' id='word_1_93' title='bbox 428 2072 469 2134; x_wconf 90' lang='lat' dir='ltr'><strong>qui</strong></span> <span class='ocrx_word' id='word_1_94' title='bbox 482 2070 540 2118; x_wconf 90' lang='lat' dir='ltr'><strong>nihil</strong></span> <span class='ocrx_word' id='word_1_95' title='bbox 557 2071 586 2120; x_wconf 89' lang='lat' dir='ltr'><strong>de</strong></span> <span class='ocrx_word' id='word_1_96' title='bbox 596 2086 634 2119; x_wconf 90' lang='lat' dir='ltr'><strong>me</strong></span> <span class='ocrx_word' id='word_1_97' title='bbox 650 2069 784 2133; x_wconf 82' lang='lat' dir='ltr'><strong>credidistis,</strong></span> 
     </span>
     <span class='ocr_line' id='line_1_19' title="bbox 115 2133 785 2199; baseline 0.001 -20"><span class='ocrx_word' id='word_1_98' title='bbox 115 2140 145 2179; x_wconf 89' lang='lat' dir='ltr'><strong>ut</strong></span> <span class='ocrx_word' id='word_1_99' title='bbox 156 2148 207 2180; x_wconf 80' lang='lat' dir='ltr'><strong>eam</strong></span> <span class='ocrx_word' id='word_1_100' title='bbox 215 2133 366 2194; x_wconf 81' lang='lat' dir='ltr'><strong>voluntatem,</strong></span> <span class='ocrx_word' id='word_1_101' title='bbox 378 2150 449 2198; x_wconf 82' lang='lat' dir='ltr'><strong>quam</strong></span> <span class='ocrx_word' id='word_1_102' title='bbox 460 2150 553 2199; x_wconf 81' lang='lat' dir='ltr'><strong>semper</strong></span> <span class='ocrx_word' id='word_1_103' title='bbox 560 2134 672 2183; x_wconf 75' lang='lat' dir='ltr'><strong>habuistis</strong></span> <span class='ocrx_word' id='word_1_104' title='bbox 679 2148 785 2198; x_wconf 79' lang='lat' dir='ltr'><strong>ergsme,</strong></span> 
     </span>
     <span class='ocr_line' id='line_1_20' title="bbox 116 2196 786 2263; baseline 0.003 -20"><span class='ocrx_word' id='word_1_105' title='bbox 116 2196 241 2257; x_wconf 70' lang='lat' dir='ltr'><strong>retineatis,</strong></span> <span class='ocrx_word' id='word_1_106' title='bbox 252 2206 305 2261; x_wconf 92' lang='lat' dir='ltr'><strong>peto</strong></span> <span class='ocrx_word' id='word_1_107' title='bbox 314 2217 321 2246; x_wconf 81' lang='lat' dir='ltr'><strong>r</strong></span> <span class='ocrx_word' id='word_1_108' title='bbox 339 2215 353 2246; x_wconf 82' lang='lat' dir='ltr'><strong>a</strong></span> <span class='ocrx_word' id='word_1_109' title='bbox 364 2200 427 2247; x_wconf 85' lang='lat' dir='ltr'><strong>vobis</strong></span> <span class='ocrx_word' id='word_1_110' title='bbox 440 2208 527 2260; x_wconf 69' lang='lat' dir='ltr'><strong>auten,</strong></span> <span class='ocrx_word' id='word_1_111' title='bbox 542 2214 600 2263; x_wconf 87' lang='lat' dir='ltr'><strong>quos</strong></span> <span class='ocrx_word' id='word_1_112' title='bbox 609 2199 689 2247; x_wconf 83' lang='lat' dir='ltr'><strong>leviter</strong></span> <span class='ocrx_word' id='word_1_113' title='bbox 698 2199 786 2245; x_wconf 89' lang='lat' dir='ltr'><strong>immu-</strong></span> 
     </span>
     <span class='ocr_line' id='line_1_21' title="bbox 115 2263 786 2337; baseline 0.003 -30"><span class='ocrx_word' id='word_1_114' title='bbox 115 2268 176 2308; x_wconf 76' lang='lat' dir='ltr'><strong>tatos</strong></span> <span class='ocrx_word' id='word_1_115' title='bbox 194 2276 242 2309; x_wconf 87' lang='lat' dir='ltr'><strong>esse</strong></span> <span class='ocrx_word' id='word_1_116' title='bbox 259 2263 340 2320; x_wconf 87' lang='lat' dir='ltr'><strong>sentio,</strong></span> <span class='ocrx_word' id='word_1_117' title='bbox 358 2278 453 2337; x_wconf 76' lang='lat' dir='ltr'><strong>parvom</strong></span> <span class='ocrx_word' id='word_1_118' title='bbox 470 2264 549 2327; x_wconf 80' lang='lat' dir='ltr'><strong>exigui</strong></span> <span class='ocrx_word' id='word_1_119' title='bbox 564 2264 673 2337; x_wconf 84' lang='lat' dir='ltr'><strong>temporis</strong></span> <span class='ocrx_word' id='word_1_120' title='bbox 690 2277 786 2310; x_wconf 78' lang='lat' dir='ltr'><strong>usuram</strong></span> 
     </span>
     <span class='ocr_line' id='line_1_22' title="bbox 114 2325 803 2391; baseline -0.001 -18"><span class='ocrx_word' id='word_1_121' title='bbox 114 2326 183 2373; x_wconf 72' lang='lat' dir='ltr'><strong>bone</strong></span> <span class='ocrx_word' id='word_1_122' title='bbox 189 2325 218 2373; x_wconf 90' lang='lat' dir='ltr'><strong>de</strong></span> <span class='ocrx_word' id='word_1_123' title='bbox 224 2340 262 2374; x_wconf 87' lang='lat' dir='ltr'><strong>me</strong></span> <span class='ocrx_word' id='word_1_124' title='bbox 269 2327 381 2391; x_wconf 80' lang='lat' dir='ltr'><strong>opinionis</strong></span> <span class='ocrx_word' id='word_1_125' title='bbox 388 2328 488 2391; x_wconf 74' lang='lat' dir='ltr'><strong>postirlo,</strong></span> <span class='ocrx_word' id='word_1_126' title='bbox 497 2330 627 2386; x_wconf 84' lang='lat' dir='ltr'><strong>uteem(s1,</strong></span> <span class='ocrx_word' id='word_1_127' title='bbox 639 2343 691 2390; x_wconf 85' lang='lat' dir='ltr'><strong>quae</strong></span> <span class='ocrx_word' id='word_1_128' title='bbox 697 2326 787 2381; x_wconf 66' lang='lat' dir='ltr'><strong>dinae,</strong></span> <span class='ocrx_word' id='word_1_129' title='bbox 801 2381 803 2385; x_wconf 24' lang='grc' dir='ltr'>ι</span> 
     </span>
     <span class='ocr_line' id='line_1_23' title="bbox 116 2388 788 2455; baseline 0.003 -19"><span class='ocrx_word' id='word_1_130' title='bbox 116 2388 182 2437; x_wconf 87' lang='lat' dir='ltr'><strong>vobis</strong></span> <span class='ocrx_word' id='word_1_131' title='bbox 201 2390 309 2453; x_wconf 75' lang='lat' dir='ltr'><strong>probiro)</strong></span> <span class='ocrx_word' id='word_1_132' title='bbox 327 2400 437 2455; x_wconf 84' lang='lat' dir='ltr'><strong>perpetuo</strong></span> <span class='ocrx_word' id='word_1_133' title='bbox 454 2390 585 2447; x_wconf 77' lang='lat' dir='ltr'><strong>retineatis3</strong></span> <span class='ocrx_word' id='word_1_134' title='bbox 602 2390 638 2437; x_wconf 87' lang='lat' dir='ltr'><strong>sin</strong></span> <span class='ocrx_word' id='word_1_135' title='bbox 654 2390 728 2450; x_wconf 75' lang='lat' dir='ltr'><strong>aliter,</strong></span> <span class='ocrx_word' id='word_1_136' title='bbox 743 2390 788 2438; x_wconf 90' lang='lat' dir='ltr'><strong>hoc</strong></span> 
     </span>
    </p>
   </div>
   <div class='ocr_carea' id='block_1_6' title="bbox 116 2453 786 2582">
    <p class='ocr_par' dir='ltr' id='par_1_7' title="bbox 116 2453 786 2582">
     <span class='ocr_line' id='line_1_24' title="bbox 116 2453 758 2521; baseline 0.003 -21"><span class='ocrx_word' id='word_1_137' title='bbox 116 2453 168 2517; x_wconf 88' lang='lat' dir='ltr'><strong>ipso</strong></span> <span class='ocrx_word' id='word_1_138' title='bbox 178 2454 204 2501; x_wconf 89' lang='lat' dir='ltr'><strong>in</strong></span> <span class='ocrx_word' id='word_1_139' title='bbox 214 2455 264 2502; x_wconf 85' lang='lat' dir='ltr'><strong>loco</strong></span> <span class='ocrx_word' id='word_1_140' title='bbox 275 2454 401 2519; x_wconf 75' lang='lat' dir='ltr'><strong>depositam</strong></span> <span class='ocrx_word' id='word_1_141' title='bbox 412 2464 483 2521; x_wconf 83' lang='lat' dir='ltr'><strong>atque</strong></span> <span class='ocrx_word' id='word_1_142' title='bbox 493 2457 606 2515; x_wconf 78' lang='lat' dir='ltr'><strong>ebJ&#39;ertem</strong></span> <span class='ocrx_word' id='word_1_143' title='bbox 616 2453 758 2517; x_wconf 84' lang='lat' dir='ltr'><strong>relinquetis.</strong></span> 
     </span>
     <span class='ocr_line' id='line_1_25' title="bbox 150 2518 786 2582; baseline 0.005 -18"><span class='ocrx_word' id='word_1_144' title='bbox 150 2518 266 2582; x_wconf 80' lang='lat' dir='ltr'><strong>Completi</strong></span> <span class='ocrx_word' id='word_1_145' title='bbox 283 2526 338 2566; x_wconf 84' lang='lat' dir='ltr'><strong>sunt</strong></span> <span class='ocrx_word' id='word_1_146' title='bbox 355 2519 427 2566; x_wconf 82' lang='lat' dir='ltr'><strong>enirui</strong></span> <span class='ocrx_word' id='word_1_147' title='bbox 439 2534 552 2581; x_wconf 84' lang='lat' dir='ltr'><strong>auresque</strong></span> <span class='ocrx_word' id='word_1_148' title='bbox 567 2525 656 2577; x_wconf 79' lang='lat' dir='ltr'><strong>restrae,</strong></span> <span class='ocrx_word' id='word_1_149' title='bbox 674 2518 786 2577; x_wconf 71' lang='lat' dir='ltr'><strong>Quirites,</strong></span> 
     </span>
    </p>
   </div>
   <div class='ocr_carea' id='block_1_7' title="bbox 118 2580 788 2693">
    <p class='ocr_par' dir='ltr' id='par_1_8' title="bbox 118 2580 788 2693">
     <span class='ocr_line' id='line_1_26' title="bbox 118 2580 788 2693; baseline 0.018 -64"><span class='ocrx_word' id='word_1_150' title='bbox 118 2594 166 2643; x_wconf 85' lang='lat' dir='ltr'><strong>me,</strong></span> <span class='ocrx_word' id='word_1_151' title='bbox 172 2581 340 2645; x_wconf 68' lang='lat' dir='ltr'><strong>gratificantem</strong></span> <span class='ocrx_word' id='word_1_152' title='bbox 346 2590 434 2647; x_wconf 79' lang='lat' dir='ltr'><strong>reptem</strong></span> <span class='ocrx_word' id='word_1_153' title='bbox 445 2580 701 2693; x_wconf 52' lang='grc' dir='ltr'><strong>ῐγῐωυίἣῖἓῖὲῐῑηῠθ</strong></span> <span class='ocrx_word' id='word_1_154' title='bbox 711 2582 788 2630; x_wconf 63' lang='lat' dir='ltr'>Suffi-</span> 
     </span>
    </p>
   </div>
   <div class='ocr_carea' id='block_1_8' title="bbox 0 0 940 2909">
    <p class='ocr_par' dir='ltr' id='par_1_9' title="bbox 0 0 940 2909">
     <span class='ocr_line' id='line_1_27' title="bbox 0 0 940 2909; baseline 0 0"><span class='ocrx_word' id='word_1_155' title='bbox 0 0 940 2909; x_wconf 95' lang='lat' dir='ltr'><strong> </strong></span> 
     </span>
    </p>
   </div>
  </div>
 </body>
</html>
