1850 2909
151 77 196 132 172
278 77 347 126 PRO
365 77 554 128 consituto.
571 77 637 126 car.
651 78 689 125 1⁰.

148 202 202 261 Illa,
224 219 279 252 cum
296 221 345 254 uno
362 213 466 270 tempore
487 206 598 265 audisset,
618 205 663 254 sibl
680 219 728 253 non
742 205 824 252 solum

148 268 233 326 filium,
256 269 296 317 scd
315 271 384 318 etiam
405 271 567 334 exsequiarum
593 285 682 318 munus
703 278 822 332 ereptum,

147 331 262 382 Larinum
273 334 392 383 confestim
403 335 535 384 exanimata
544 335 622 393 omits
639 343 663 382 et
676 335 710 382 ibi
720 334 751 382 sle
760 334 824 380 intc-

146 411 188 458 gro
198 396 269 446 funus
281 401 331 459 jam
342 400 430 463 sepulto
441 400 491 447 filio
504 400 566 448 lecit.
584 399 643 447 Dies
656 398 763 446 noudum
780 397 825 445 (le-

145 475 196 508 cem
211 462 390 518 intercesserant,
406 479 460 512 cum
473 464 514 512 ille
523 465 582 512 altec
591 463 655 511 lilius
664 463 742 510 infam
752 477 824 509 ncca-

146 533 192 572 tur.
210 525 293 590 Itaque
301 528 368 576 nubit
376 528 506 592 Oppianico
515 529 625 577 continuo
633 527 719 585 Sassia,
730 525 823 574 laetanti

143 590 195 650 jem
209 591 296 651 auimo,
314 601 337 640 ct
351 609 391 655 spe
404 592 493 656 optimi
503 592 652 641 confirmato:
670 606 713 639 nec
722 591 823 650 mirum,

146 669 200 765 pue
206 671 229 702 se
240 671 287 704 non
297 657 440 720 nuptialibus
447 657 522 717 donis,
531 657 571 705 scd
579 657 681 704 flliomm
688 655 822 714 funeribus,

165 719 272 768 elenitam
286 721 379 770 videret.
397 720 442 781 lto,
458 722 523 784 quod
535 722 612 770 caeteri
624 728 719 784 propter
735 719 823 794 liberos

147 784 251 894 petimina
262 785 388 848 cupidiores
399 787 473 834 solent
482 802 538 846 csse,
545 786 585 834 ille
594 793 689 861 propter
697 799 824 847 pecuniam

167 849 231 896 beros
242 849 346 898 amittere
354 850 479 911 jucundius
489 866 538 900 esse
547 851 624 898 (lunt.

182 911 214 958 X.
232 913 319 972 Sentio,
337 915 434 976 judices,
449 931 499 975 vos,
514 931 557 980 pro
573 914 649 963 sesni
664 913 820 972 humanitate,

149 973 186 1022 his
196 977 267 1026 tanus
278 979 399 1028 sceleribus
409 979 508 1028 breviter
517 996 532 1027 s
544 995 584 1028 me
597 976 768 1035 demonstratis,
781 992 823 1026 ve·

148 1037 268 1090 hemnter
278 1058 326 1091 csse
336 1052 470 1092 commotos.
486 1044 543 1103 Quo
551 1043 647 1092 tandem
660 1042 732 1105 iginii
741 1041 823 1089 animo

149 1103 220 1154 sitisse
235 1107 288 1154 illos
303 1107 454 1167 arbitramini,
470 1109 563 1172 quibus,
580 1108 617 1156 his
633 1107 755 1163 derebus,
771 1119 822 1154 nou

148 1169 219 1216 modo
236 1171 378 1220 audiendum
393 1173 446 1231 fuit,
460 1188 542 1221 vuum
559 1172 629 1220 etiam
645 1169 822 1232 judicandum?

150 1231 200 1280 Vos
211 1234 295 1282 auditis
310 1233 339 1284 de
356 1253 391 1296 co,
402 1237 427 1284 in
438 1253 509 1301 quem
523 1236 613 1297 judices
623 1251 670 1284 nou
681 1234 743 1293 estis,
754 1235 785 1282 de
794 1249 823 1282 eo

150 1311 222 1359 quem
232 1303 279 1346 no'n
290 1299 387 1358 videtin
404 1299 433 1349 de
443 1317 472 1350 ec
485 1316 556 1364 quem
570 1299 646 1348 odisse
657 1301 708 1361 jam
721 1313 769 1346 non
779 1313 824 1362 pc-

151 1361 230 1419 testisr
247 1362 276 1410 de
295 1379 322 1411 eo
341 1365 383 1428 qui
402 1374 425 1413 ct
442 1375 532 1413 namrae
548 1374 572 1412 et
589 1365 680 1428 legibus
697 1363 823 1418 mfisfedt3

150 1439 222 1488 quem
232 1427 294 1490 leges
305 1429 394 1488 exsilio,
405 1438 488 1477 nature
497 1438 571 1476 morte
585 1428 701 1476 multavit.
719 1426 823 1486 Auditis,

151 1504 200 1537 nou
218 1493 248 1540 ab
270 1492 380 1550 inimicos
406 1493 498 1551 auditis,
520 1493 570 1541 siue
591 1494 703 1548 testibus3
722 1492 824 1550 auditis,

152 1569 207 1602 cum
216 1571 251 1614 es,
260 1573 313 1620 quc
320 1558 474 1621 copiosissime
484 1557 530 1606 dici
539 1566 644 1620 possunt,
651 1556 749 1604 breviter
758 1572 774 1603 a
784 1571 825 1604 me

152 1620 295 1685 strictimque
306 1621 421 1670 dictmtur.
439 1622 480 1670 llli
493 1621 617 1670 audiebant
632 1621 662 1668 de
676 1637 713 1678 eo,
731 1620 761 1668 de
775 1635 824 1682 qno

150 1683 223 1744 jurati
239 1686 360 1734 sententies
376 1687 434 1734 ferre
449 1686 573 1745 debebant,
586 1685 616 1733 de
630 1701 667 1744 ec,
682 1686 749 1746 cujus
761 1700 824 1747 pre·

153 1749 222 1796 sentis
238 1751 353 1798 nefarium
366 1759 389 1798 st
400 1752 579 1798 consceleratum
593 1751 686 1798 vultum
700 1749 826 1796 intueban-

152 1819 206 1869 tur;
223 1813 252 1861 de
270 1829 304 1874 cc,
322 1829 392 1890 quem
414 1814 510 1890 oderant
530 1822 623 1890 propter
640 1813 777 1869 audacium
794 1812 825 1860 (le

153 1890 290 1989 lts‘ffi
302 1877 825 1992 tttotttltslttbntltlsst

153 2011 232 2052 torum
248 2007 354 2054 testium
372 2007 505 2064 audiebant,
520 2022 584 2066 crim,
597 2006 739 2070 uniqubque
749 2005 779 2053 de
788 2021 822 2063 rc,

154 2083 170 2115 a
186 2069 214 2116 P.
230 2069 338 2130 essurio,
355 2071 450 2120 homine
467 2071 662 2135 eloquentissimo,
682 2070 783 2133 graviter
799 2078 824 2117 et

153 2131 195 2180 diu
207 2133 325 2183 dicemur.
342 2135 376 2184 Et
388 2145 422 2184 est
436 2136 570 2200 quisqam,
587 2135 637 2198 qui,
650 2150 705 2182 cum
720 2133 772 2182 luae
786 2149 825 2181 cc-

153 2199 267 2260 gnovcrit,
272 2200 381 2264 suspicari
386 2199 629 2264 possit‚0pp1amcum
635 2198 723 2260 judicio
730 2213 825 2272 oppres·

3 2241 4 2276 ἶ
21 2326 26 2337 ,
41 2321 47 2327 ‚,
153 2277 207 2310 sum
218 2271 241 2310 et
251 2265 431 2312 circumventum
442 2279 492 2312 esse
505 2265 670 2312 innocentem?
687 2263 823 2310 Acervettm

151 2327 202 2388 jem
213 2328 309 2391 reliqua,
319 2328 415 2389 Judices‚
427 2328 519 2384 dicetne
535 2336 563 2375 ut
573 2327 603 2375 ad
612 2343 648 2386 ca,
657 2342 711 2390 quse
717 2327 825 2389 propiore

154 2391 226 2450 hujus
235 2407 309 2439 causae
320 2390 343 2439 c't
353 2392 496 2452 adiunctiora
503 2400 566 2449 sunt,
577 2393 717 2455 perveniam.

187 2455 246 2513 Vos,
256 2471 343 2518 queso,
355 2456 468 2503 meruerit
476 2456 581 2512 teneatis,
596 2470 643 2502 uon
652 2454 712 2503 mihi
721 2454 766 2502 hoc
776 2469 825 2503 esse

154 2518 306 2580 propositum,
333 2527 362 2567 ut
381 2534 487 2566 accusem
507 2518 666 2582 Oppianicum
686 2527 824 2575 mormums

153 2580 203 2640 scd,
222 2596 276 2630 cum
295 2583 339 2632 hoc
355 2581 491 2646 pemsderc
501 2581 656 2644 robisvelim,
668 2581 783 2644 judicium
794 2585 823 2631 ab
