1850 2909
161 87 212 136 aas
285 87 326 136 IN
341 85 545 136 CATILINAM
561 85 607 135 IV.
624 84 688 134 (lar.
699 87 724 133 2.

160 215 384 278 curcgeucnlisteu
394 229 475 262 meum
485 214 666 262 consulatumad
676 214 779 262 salutem
789 211 838 260 rei·

160 278 581 342 puiueaepmpeueiemexsussiei

194 343 230 390 Il.
241 343 411 406 Quarepatrcs
422 343 551 405 cunsmipti,
563 341 673 390 consulite
684 342 765 398 robiis
777 355 834 404 pro·
911 349 912 404 l

106 391 118 416 ⁴
160 405 241 470 spinis
250 407 345 470 patriie3
357 415 488 454 sumersate
498 422 546 465 vos,
558 408 674 469 conjuges,
682 405 777 464 liberos,
787 405 836 452 fer-
911 407 912 420 ¹

245 486 275 519 ue
282 480 383 525 vestrm
394 469 476 533 populi
486 469 587 517 Romani
592 475 678 518 homan
685 470 837 532 salutemque
911 425 912 518 i

161 533 229 582 defen
246 534 290 582 ‘ter
308 534 474 597 miliiparcere,
484 550 512 581 ac
522 534 550 581 de
561 549 599 581 me
609 534 716 596 cogitare,
727 533 837 581 desinite
911 551 912 556 ¹

160 597 227 646 Nam
237 599 339 661 primum
355 598 426 646 debeo
435 613 533 660 sperare,
545 613 624 645 omncs
640 597 711 657 Deus,
722 597 765 661 qui
780 597 838 645 liuic

160 663 214 710 urbi
228 663 357 725 president,
376 677 418 725 prs
434 677 461 709 eo
478 661 544 722 inibi,
560 677 587 710 ac
603 675 699 720 mereor,
717 662 836 710 relaturos

158 725 258 788 gratiam
269 743 322 774 mse.
339 726 438 785 Deinde,
450 726 470 773 si
481 725 537 788 quid
547 726 662 788 obtigerit,
672 739 741 789 aquo
750 726 834 774 animo

158 798 285 854 paratoque
292 791 382 837 moriar.
400 790 484 854 Neque
494 790 556 836 euim
567 790 640 853 turpis
649 805 710 836 mors
719 790 777 837 forti
783 791 835 838 viro

159 862 235 916 potest
244 854 352 912 accidere,
364 869 439 916 neque
456 855 582 900 immatura
599 853 719 912 consulari,
732 867 776 901 nec
786 854 834 900 mi·

160 932 211 964 sera
226 918 329 980 sapienti.
349 918 400 965 Nec
415 926 493 964 tamen
506 933 548 980 ego
564 932 617 965 sum
628 918 668 965 ille
682 918 778 978 ferrura,
791 918 833 982 qui

160 980 237 1029 fratris
248 981 357 1030 carissimi
368 990 437 1044 atquc
446 981 597 1029 amantissimi
607 982 723 1045 pruentia
734 996 835 1029 moerore

159 1058 207 1092 non
222 1061 322 1104 movear,
333 1046 462 1108 horumque
477 1045 582 1093 omnium
593 1046 707 1110 lacrymis,
719 1061 734 1092 a
745 1045 833 1109 quibus

159 1122 198 1156 me
208 1109 380 1157 circumsessum
388 1109 482 1157 videus:
500 1123 575 1172 neque
585 1124 660 1157 meam
671 1117 775 1157 mentem
782 1123 830 1156 non

158 1171 254 1218 domuin
267 1173 326 1236 sepe
340 1182 429 1220 revecat
439 1173 570 1220 exanimata
580 1187 648 1233 uxor,
663 1175 752 1234 abjecta
762 1181 829 1220 metu

159 1231 217 1295 filii,
232 1244 255 1283 et
264 1237 374 1298 parvulus
384 1237 453 1295 lilius,
466 1251 535 1298 quem
551 1237 610 1283 mihi
620 1237 709 1284 videtur
718 1237 829 1300 amplecti

156 1299 293 1362 respublica,
301 1308 420 1364 tamquam
428 1299 531 1348 obsidem
542 1300 740 1357 consulatismei3
752 1315 830 1365 neque

159 1361 208 1430 ille,
228 1363 278 1427 qui,
298 1372 432 1426 exspectem
445 1364 516 1424 huius
532 1364 621 1411 exitum
637 1365 690 1424 diei,
708 1364 785 1413 adstat
803 1365 829 1413 in

158 1435 281 1502 eonspecbu
297 1442 350 1474 mee
362 1443 439 1490 gener.
463 1427 562 1475 Moveer
575 1428 612 1476 liis
624 1431 691 1476 rebus
709 1429 828 1490 omnibus,

158 1490 199 1539 aad
217 1506 242 1539 in
256 1506 308 1539 eam
322 1500 420 1554 partem,
438 1499 466 1538 ut
483 1491 539 1539 salvi
554 1491 600 1539 sint
610 1493 727 1540 vobiscum
738 1507 828 1554 omnes,

158 1551 229 1604 etiam
240 1555 260 1603 si
270 1555 304 1604 vis
315 1556 393 1620 aliqua
406 1570 445 1602 mc
462 1555 605 1619 oppresserit,
623 1557 699 1620 potius
713 1572 787 1620 quain
807 1565 830 1606 et

158 1615 195 1667 illi
205 1629 228 1668 et
237 1635 278 1668 nce
289 1619 337 1667 und
346 1619 477 1682 reipublicae
560 1633 686 1682 pereamus.

191 1684 279 1744 Quare,
290 1683 365 1746 petrei?
375 1684 504 1746 eomcriptn
520 1683 646 1732 incumbite
656 1684 685 1732 ad
695 1684 829 1748 reipublice

159 1748 258 1797 salutem
266 1765 273 1796 r
291 1747 455 1810 circumspicite
463 1761 542 1795 onmes
548 1749 665 1811 procellas,
674 1763 726 1813 qun
737 1750 828 1813 imperi.

159 1813 224 1872 deut,
235 1812 280 1860 nisi
289 1811 418 1875 providetis.
435 1812 492 1859 Non
502 1811 542 1858 m.
555 1811 679 1873 Gracchus,
691 1813 732 1876 qui
743 1814 828 1863 iterum

158 1875 266 1923 tribunus
284 1876 358 1938 plebis
373 1875 423 1922 ficri
437 1875 526 1933 veluit;
545 1890 592 1924 nou
608 1877 636 1925 0.
649 1877 775 1936 Gracchus,
786 1879 828 1942 qui

158 1939 259 2006 mades
275 1939 386 1986 cendtare
400 1949 494 1988 cambis
508 1947 557 1998 est3
575 1955 622 1987 nen
638 1941 667 1990 li·
679 1941 827 2004 Saturninus,

160 2002 202 2068 qui
212 2001 240 2049 C.
252 2002 395 2050 Memmium
406 2003 495 2061 suddit,
511 2003 537 2050 in
547 2003 667 2052 discrimen
678 2006 780 2069 aliquod,
793 2017 827 2056 at·

159 2066 238 2132 quein
248 2074 329 2114 vesus
334 2067 457 2115 cruentatis
465 2067 588 2129 judicium,
597 2068 723 2117 adducitur.
733 2071 827 2119 Tenea.

158 2130 418 2244 ffiqffifflis
424 2132 603 2242 incendiumhad
613 2141 710 2244 vergitur
721 2136 839 2212 omnium*

158 2255 221 2308 runt.
238 2229 357 2308 'i'enenuir
364 2210 444 2317 liteiiil,
454 2209 626 2322 sigiddidaddi:
637 2207 827 2324 deriiiideriidiudi·

210 2403 260 2434 cxci
345 2404 351 2434 ε
396 2403 411 2434 a
461 2403 476 2435 a
493 2403 573 2435 arcessi
620 2406 627 2436 r
741 2403 774 2437 ini

158 2450 289 2511 consilium,
306 2459 342 2511 ut,
353 2450 476 2499 interiectis
487 2451 602 2512 omnibus,
614 2467 690 2513 nemo,
701 2467 731 2501 ne
741 2455 772 2502 ad
786 2455 825 2503 de.

156 2509 294 2574 plorandum
311 2513 405 2577 quidem
419 2515 550 2578 reipublice
565 2529 658 2579 nomen,
672 2525 741 2582 atque
752 2519 782 2566 ad
790 2520 824 2568 la·

154 2575 305 2626 manendam
315 2577 374 2626 tanti
383 2577 474 2644 imperii
484 2577 646 2644 calamitatem,
657 2581 806 2648 relinquatur.
