1850 2909
212 91 283 150 Ι1)Κο
299 101 391 152 LEGE
408 101 574 152 namura.
591 101 656 154 Car.
670 102 711 152 21.
744 101 792 148 155

117 227 170 276 duo
180 229 241 278 bella
250 231 362 292 maxima,
373 231 490 282 Punicum
499 240 522 281 et
530 231 694 296 Hispaniense,
705 231 735 278 ab
744 243 793 276 uno

122 293 259 356 imperatore
270 311 317 344 esse
327 297 442 355 confecta3
460 297 519 345 duas
532 299 601 345 urbes
613 295 791 359 potennmimas,

9 389 14 392 .
29 395 33 401 ,
122 373 176 420 quoe
186 359 240 408 huic
250 361 346 423 imperio
352 362 453 410 maxime
460 363 618 419 minabanmrs
627 360 792 421 0⁸¹²h²8i¹¹⁰m

122 429 193 485 atque
204 424 367 482 Numantiam,
381 429 410 475 cb
422 427 503 474 codem
514 427 620 490 Scipione
631 439 678 472 asse
689 423 790 470 deletasr

121 499 169 533 non
180 492 371 546 commemorabo,
380 506 454 555 nuper
464 492 498 538 ita
507 491 572 539 vobis
582 490 731 553 patribusque
742 501 793 534 vcs-

122 551 164 598 tris
174 567 222 599 esse
233 554 317 614 visum,
327 565 355 602 ut
365 555 389 602 in
400 571 448 603 uno
460 553 489 604 C.
501 556 579 603 Mario
590 570 642 618 spes
649 552 741 614 imperii
750 566 793 614 po·

118 625 223 676 merenas,
234 626 262 665 ut
271 618 333 666 idam
343 635 396 667 cum
407 621 425 668 J
426 619 537 683 ugurthi„
548 619 609 667 idem
616 634 670 666 cum
679 615 791 674 Cimbris,

122 679 185 726 idern
196 697 249 728 cum
261 683 381 743 Teutonis,
396 685 486 732 bellurn
501 684 677 732 administraret.
695 683 724 729 In
741 681 792 742 ipso

60 761 65 772 ·
122 743 166 790 Cn.
179 744 298 809 Pompeio,
309 748 333 794 in
345 765 391 812 quo
402 750 456 796 novi
462 749 569 796 constitui
579 748 639 795 nihil
646 746 735 805 vuth.
746 743 793 793 ca·

122 809 194 868 tulus,
207 826 276 873 quam
288 814 364 860 multa
374 813 419 860 sint
434 827 502 872 nors,
518 811 610 861 summi
620 813 652 871 Q.
664 811 742 859 Catuli
752 823 793 857 vo·

122 871 212 922 luntate
220 877 350 935 constituta,
362 878 519 926 recordamini.

154 937 228 986 XXI.
245 933 310 999 Quid
318 942 379 989 enim
390 951 439 990 tam
449 957 546 1001 novum,
554 957 625 1006 quam
635 939 793 988 adolescentu-

122 1002 182 1059 lum,
191 1003 316 1066 privatum,
325 1007 450 1054 exercitum
457 1005 545 1054 difficili
550 1005 682 1069 reipublicae
689 1013 793 1064 tempore

123 1066 252 1116 conficere?
275 1070 385 1117 confecit:
405 1071 460 1118 huic
478 1073 593 1135 preesse?
616 1068 724 1134 prefuit:
742 1079 792 1112 rem

123 1131 211 1194 optime
220 1132 291 1180 ductu
302 1149 344 1182 suo
354 1139 449 1197 gerere?
467 1135 543 1198 gessit
568 1134 635 1193 Quid
649 1143 698 1181 tam
708 1137 791 1194 proeter

123 1197 320 1257 consuetudinem,
329 1215 400 1262 quam
410 1199 500 1246 homini
508 1198 693 1263 peradolesccnti‚
702 1196 768 1257 cujus
779 1208 793 1239 a

123 1261 235 1308 senatorio
245 1263 317 1325 gradu
330 1271 384 1310 atas
397 1264 467 1327 longe
481 1265 576 1321 abesset,
587 1263 712 1327 imperium
722 1267 793 1322 atque

122 1326 247 1372 exercitum
263 1327 331 1374 dari?
348 1327 449 1375 Siciliam
466 1328 578 1391 pennitti‚
592 1337 663 1392 atque
679 1325 792 1378 Africam,

122 1388 256 1454 bellumque
266 1391 291 1438 in
302 1391 329 1439 el
339 1391 566 1441 administrandum?
582 1393 638 1439 Fuit
651 1392 676 1438 in
689 1390 726 1438 his
739 1402 794 1452 pro·

123 1452 202 1501 vinciis
209 1456 319 1518 singulari
326 1455 463 1514 innocentii,
471 1457 691 1520 gravitate‚virtute:
704 1453 793 1501 bellum

123 1515 147 1564 in
167 1518 248 1568 Africi
264 1521 394 1568 maximum
413 1521 525 1578 confacit3
543 1521 651 1568 victorem
667 1517 793 1566 exercitum

124 1581 258 1646 deportavit.
275 1585 342 1643 Quid
349 1585 604 1644 verotaminauditum‚
612 1598 683 1647 quam
691 1581 793 1645 equitem

124 1646 258 1696 Romanum
267 1649 428 1712 triumphare?
444 1658 469 1696 at
476 1665 528 1697 earn
537 1663 685 1712 quoquerem
693 1644 794 1709 populus

124 1711 246 1761 Romanus
256 1729 302 1761 non
312 1714 383 1762 modo
393 1714 458 1773 vidit,
471 1713 512 1762 sed
522 1715 591 1762 etiam
599 1712 664 1760 omni
674 1710 751 1759 studio
759 1708 793 1755 vi-

125 1776 220 1824 sendam
232 1787 255 1826 et
266 1779 468 1827 concelebrandam
474 1779 571 1842 putavit.
588 1776 654 1836 Quid
662 1785 711 1824 tarn
718 1774 792 1822 inusi-

124 1847 207 1900 tatum,
219 1857 291 1906 quam
301 1849 337 1902 ut,
348 1857 402 1890 cum
412 1843 459 1890 duo
470 1845 574 1892 consules
588 1840 707 1890 clarissimi
717 1839 794 1887 fortis·

124 1904 311 1967 simiqueessent,
320 1921 389 1970 eques
397 1908 520 1956 Romanus
528 1908 654 1956 adbellum
661 1905 794 1953 maximum

123 1969 407 2035 sonnidolosissimumque
416 1987 459 2036 pro
469 1974 561 2021 consule
574 1972 723 2020 mitteretur?
739 1969 796 2016 mis-

124 2047 163 2081 sus
177 2045 221 2082 est.
234 2036 290 2095 Quo
306 2037 401 2100 quidem
416 2045 528 2100 tempore,
543 2053 597 2085 cum
608 2046 667 2084 esset
676 2047 794 2082 nonnemo

123 2097 246 2159 insensatu,
256 2102 297 2164 qui
304 2101 396 2160 diceret,
409 2105 427 2130 “
436 2102 492 2149 Non
499 2110 602 2164 oportere
607 2101 670 2147 mitti
674 2100 794 2148 hominem

123 2163 241 2226 privatum
250 2181 292 2228 pro
299 2166 392 2214 consule
399 2165 424 2223 ;”
436 2166 467 2214 Ιι.
477 2165 693 2229 Philippusdiaisse
700 2165 793 2219 dicitur,

124 2227 211 2276 “Non
222 2245 246 2278 se
262 2230 330 2277 illum
346 2231 388 2277 sud
404 2230 518 2277 sentcntii
532 2247 575 2294 pro
585 2230 687 2289 consule,
698 2228 738 2276 sed
750 2242 794 2291 pro

124 2295 257 2342 consulibus
270 2295 387 2350 mittere.''
402 2294 481 2341 Tanta
494 2294 519 2341 in
535 2311 563 2343 eo
576 2295 609 2342 rei
622 2295 723 2358 publica
736 2295 795 2340 bene

123 2359 795 2423 gcrendaespesoonstituebatm,utduorumcousulummu-

124 2435 169 2470 nus
182 2423 252 2472 unius
268 2424 413 2472 adolescentis
428 2424 510 2471 virtuti
524 2422 711 2471 committeretur.
729 2421 796 2480 Quid

124 2493 174 2533 tam
184 2488 308 2551 singulare,
317 2503 388 2552 quam
398 2497 434 2547 ut,
446 2504 476 2536 ex
484 2487 698 2542 senatus-consulto,
705 2486 796 2547 legibus

125 2551 222 2612 solutus,
234 2553 314 2601 conml
325 2561 377 2600 ante
387 2551 460 2610 lieret,
476 2566 549 2615 quam
563 2551 640 2597 ullum
657 2548 730 2595 alium
744 2563 796 2596 ma-

125 2615 247 2677 gistratum
256 2633 297 2680 per
306 2618 368 2680 leges
378 2631 459 2680 capere
464 2614 584 2665 nmine?
600 2612 658 2676 quid
666 2612 785 2661 taminare
