<?xml version="1.0" encoding="UTF-8"?>
<!DOCTYPE html PUBLIC "-//W3C//DTD XHTML 1.0 Transitional//EN"
    "http://www.w3.org/TR/xhtml1/DTD/xhtml1-transitional.dtd">
<html xmlns="http://www.w3.org/1999/xhtml" xml:lang="en" lang="en">
 <head>
  <title>
</title>
<meta http-equiv="Content-Type" content="text/html;charset=utf-8" />
  <meta name='ocr-system' content='tesseract 3.04.00' />
  <meta name='ocr-capabilities' content='ocr_page ocr_carea ocr_par ocr_line ocrx_word'/>
</head>
<body>
  <div class='ocr_page' id='page_1' title='image "./operaexeditioni00ernegoog_0239.png"; bbox 0 0 1850 2909; ppageno 0'>
   <div class='ocr_carea' id='block_1_1' title="bbox 253 112 796 163">
    <p class='ocr_par' dir='ltr' id='par_1_1' title="bbox 253 112 796 163">
     <span class='ocr_line' id='line_1_1' title="bbox 253 112 796 163; baseline 0.002 -3"><span class='ocrx_word' id='word_1_1' title='bbox 253 112 322 163; x_wconf 79' lang='lat' dir='ltr'><strong>Pno</strong></span> <span class='ocrx_word' id='word_1_2' title='bbox 339 112 527 162; x_wconf 82' lang='lat' dir='ltr'><strong>CLUENTIO.</strong></span> <span class='ocrx_word' id='word_1_3' title='bbox 544 114 608 163; x_wconf 68' lang='lat' dir='ltr'><strong>cir.</strong></span> <span class='ocrx_word' id='word_1_4' title='bbox 622 114 661 163; x_wconf 83' lang='grc'><strong>60.</strong></span> <span class='ocrx_word' id='word_1_5' title='bbox 748 114 796 161; x_wconf 73' lang='lat'><strong>225</strong></span> 
     </span>
    </p>
   </div>
   <div class='ocr_carea' id='block_1_2' title="bbox 114 238 797 2613">
    <p class='ocr_par' dir='ltr' id='par_1_2' title="bbox 118 238 797 1651">
     <span class='ocr_line' id='line_1_2' title="bbox 123 238 796 304; baseline 0.004 -17"><span class='ocrx_word' id='word_1_6' title='bbox 123 240 272 304; x_wconf 54' lang='lat' dir='ltr'><strong>essetghaeres</strong></span> <span class='ocrx_word' id='word_1_7' title='bbox 280 241 318 289; x_wconf 91' lang='lat' dir='ltr'><strong>hic</strong></span> <span class='ocrx_word' id='word_1_8' title='bbox 326 240 420 289; x_wconf 86' lang='lat' dir='ltr'><strong>alienior</strong></span> <span class='ocrx_word' id='word_1_9' title='bbox 426 241 546 291; x_wconf 87' lang='lat' dir='ltr'><strong>institutus</strong></span> <span class='ocrx_word' id='word_1_10' title='bbox 554 251 595 290; x_wconf 87' lang='lat' dir='ltr'><strong>est</strong></span> <span class='ocrx_word' id='word_1_11' title='bbox 607 242 636 290; x_wconf 87' lang='lat' dir='ltr'><strong>P.</strong></span> <span class='ocrx_word' id='word_1_12' title='bbox 643 238 721 290; x_wconf 80' lang='lat' dir='ltr'><strong>&#39;AElius</strong></span> <span class='ocrx_word' id='word_1_13' title='bbox 727 242 796 290; x_wconf 85' lang='lat' dir='ltr'><strong>Aviti</strong></span> 
     </span>
     <span class='ocr_line' id='line_1_3' title="bbox 122 304 795 368; baseline 0.006 -18"><span class='ocrx_word' id='word_1_14' title='bbox 122 304 206 351; x_wconf 87' lang='lat' dir='ltr'><strong>merito</strong></span> <span class='ocrx_word' id='word_1_15' title='bbox 216 304 284 361; x_wconf 76' lang='lat' dir='ltr'><strong>fecit3</strong></span> <span class='ocrx_word' id='word_1_16' title='bbox 302 320 377 368; x_wconf 86' lang='lat' dir='ltr'><strong>neque</strong></span> <span class='ocrx_word' id='word_1_17' title='bbox 384 306 422 353; x_wconf 86' lang='lat' dir='ltr'><strong>lric</strong></span> <span class='ocrx_word' id='word_1_18' title='bbox 433 306 457 352; x_wconf 89' lang='lat' dir='ltr'><strong>in</strong></span> <span class='ocrx_word' id='word_1_19' title='bbox 468 315 603 355; x_wconf 85' lang='lat' dir='ltr'><strong>testamento</strong></span> <span class='ocrx_word' id='word_1_20' title='bbox 613 305 717 353; x_wconf 81' lang='lat' dir='ltr'><strong>facimdo</strong></span> <span class='ocrx_word' id='word_1_21' title='bbox 724 307 795 354; x_wconf 75' lang='lat' dir='ltr'><strong>intar-</strong></span> 
     </span>
     <span class='ocr_line' id='line_1_4' title="bbox 122 368 795 445; baseline 0.006 -30"><span class='ocrx_word' id='word_1_22' title='bbox 122 368 182 415; x_wconf 79' lang='lat' dir='ltr'><strong>fuit:</strong></span> <span class='ocrx_word' id='word_1_23' title='bbox 200 368 271 431; x_wconf 91' lang='lat' dir='ltr'><strong>idque</strong></span> <span class='ocrx_word' id='word_1_24' title='bbox 278 377 441 417; x_wconf 84' lang='lat' dir='ltr'><strong>testamentum</strong></span> <span class='ocrx_word' id='word_1_25' title='bbox 449 372 479 417; x_wconf 86' lang='lat' dir='ltr'><strong>ab</strong></span> <span class='ocrx_word' id='word_1_26' title='bbox 485 370 655 432; x_wconf 84' lang='lat' dir='ltr'><strong>hujusinimioo</strong></span> <span class='ocrx_word' id='word_1_27' title='bbox 663 370 795 445; x_wconf 70' lang='lat' dir='ltr'><strong>Oppianico</strong></span> 
     </span>
     <span class='ocr_line' id='line_1_5' title="bbox 122 432 796 497; baseline 0.004 -19"><span class='ocrx_word' id='word_1_28' title='bbox 122 440 158 478; x_wconf 89' lang='lat' dir='ltr'><strong>est</strong></span> <span class='ocrx_word' id='word_1_29' title='bbox 168 432 322 495; x_wconf 83' lang='lat' dir='ltr'><strong>obsignatum.</strong></span> <span class='ocrx_word' id='word_1_30' title='bbox 339 434 416 480; x_wconf 83' lang='lat' dir='ltr'><strong>Florio</strong></span> <span class='ocrx_word' id='word_1_31' title='bbox 423 434 559 497; x_wconf 84' lang='lat' dir='ltr'><strong>legatumex</strong></span> <span class='ocrx_word' id='word_1_32' title='bbox 565 443 701 481; x_wconf 70' lang='lat' dir='ltr'><strong>testamento</strong></span> <span class='ocrx_word' id='word_1_33' title='bbox 707 435 796 481; x_wconf 78' lang='lat' dir='ltr'><strong>inficia-</strong></span> 
     </span>
     <span class='ocr_line' id='line_1_6' title="bbox 121 498 796 561; baseline 0.009 -20"><span class='ocrx_word' id='word_1_34' title='bbox 121 502 175 542; x_wconf 90' lang='lat' dir='ltr'><strong>tum</strong></span> <span class='ocrx_word' id='word_1_35' title='bbox 187 512 242 543; x_wconf 87' lang='lat' dir='ltr'><strong>esse.</strong></span> <span class='ocrx_word' id='word_1_36' title='bbox 264 498 320 544; x_wconf 92' lang='lat' dir='ltr'><strong>Non</strong></span> <span class='ocrx_word' id='word_1_37' title='bbox 333 506 367 545; x_wconf 90' lang='lat' dir='ltr'><strong>est</strong></span> <span class='ocrx_word' id='word_1_38' title='bbox 380 498 429 554; x_wconf 78' lang='lat' dir='ltr'><strong>ita3</strong></span> <span class='ocrx_word' id='word_1_39' title='bbox 447 499 488 545; x_wconf 88' lang='lat' dir='ltr'><strong>sed</strong></span> <span class='ocrx_word' id='word_1_40' title='bbox 500 515 554 547; x_wconf 90' lang='lat' dir='ltr'><strong>cum</strong></span> <span class='ocrx_word' id='word_1_41' title='bbox 565 499 609 547; x_wconf 89' lang='lat' dir='ltr'><strong>HS</strong></span> <span class='ocrx_word' id='word_1_42' title='bbox 623 499 700 546; x_wconf 89' lang='lat' dir='ltr'><strong>XXX</strong></span> <span class='ocrx_word' id='word_1_43' title='bbox 711 500 796 561; x_wconf 87' lang='lat' dir='ltr'><strong>scripta</strong></span> 
     </span>
     <span class='ocr_line' id='line_1_7' title="bbox 121 561 796 625; baseline 0.006 -19"><span class='ocrx_word' id='word_1_44' title='bbox 121 568 207 619; x_wconf 88' lang='lat' dir='ltr'><strong>essent,</strong></span> <span class='ocrx_word' id='word_1_45' title='bbox 218 576 260 624; x_wconf 90' lang='lat' dir='ltr'><strong>pro</strong></span> <span class='ocrx_word' id='word_1_46' title='bbox 271 562 314 609; x_wconf 81' lang='lat' dir='ltr'><strong>Hs</strong></span> <span class='ocrx_word' id='word_1_47' title='bbox 326 561 397 622; x_wconf 86' lang='lat' dir='ltr'><strong>CCC,</strong></span> <span class='ocrx_word' id='word_1_48' title='bbox 409 576 484 625; x_wconf 87' lang='lat' dir='ltr'><strong>neque</strong></span> <span class='ocrx_word' id='word_1_49' title='bbox 498 563 519 612; x_wconf 88' lang='lat' dir='ltr'><strong>ei</strong></span> <span class='ocrx_word' id='word_1_50' title='bbox 535 563 590 611; x_wconf 86' lang='lat' dir='ltr'><strong>satis</strong></span> <span class='ocrx_word' id='word_1_51' title='bbox 604 572 698 611; x_wconf 84' lang='lat' dir='ltr'><strong>cautum</strong></span> <span class='ocrx_word' id='word_1_52' title='bbox 709 562 796 611; x_wconf 85' lang='lat' dir='ltr'><strong>videre·</strong></span> 
     </span>
     <span class='ocr_line' id='line_1_8' title="bbox 122 624 795 690; baseline 0.006 -20"><span class='ocrx_word' id='word_1_53' title='bbox 122 630 177 680; x_wconf 84' lang='lat' dir='ltr'><strong>tur;</strong></span> <span class='ocrx_word' id='word_1_54' title='bbox 194 624 267 671; x_wconf 85' lang='lat' dir='ltr'><strong>voluit</strong></span> <span class='ocrx_word' id='word_1_55' title='bbox 278 641 330 673; x_wconf 89' lang='lat' dir='ltr'><strong>eum</strong></span> <span class='ocrx_word' id='word_1_56' title='bbox 342 624 430 689; x_wconf 87' lang='lat' dir='ltr'><strong>aliquid</strong></span> <span class='ocrx_word' id='word_1_57' title='bbox 441 636 560 690; x_wconf 83' lang='lat' dir='ltr'><strong>acceptum</strong></span> <span class='ocrx_word' id='word_1_58' title='bbox 570 627 653 675; x_wconf 81' lang='lat' dir='ltr'><strong>referre</strong></span> <span class='ocrx_word' id='word_1_59' title='bbox 663 627 795 674; x_wconf 83' lang='lat' dir='ltr'><strong>hberalitati</strong></span> 
     </span>
     <span class='ocr_line' id='line_1_9' title="bbox 121 689 796 819; baseline 0.004 -21"><span class='ocrx_word' id='word_1_60' title='bbox 121 689 282 801; x_wconf 50' lang='lat' dir='ltr'><strong>diffidi</strong></span> <span class='ocrx_word' id='word_1_61' title='bbox 293 690 796 819; x_wconf 51' lang='lat' dir='ltr'><strong>ltltttttlltffinttltnd</strong></span> 
     </span>
     <span class='ocr_line' id='line_1_10' title="bbox 121 816 796 881; baseline 0.009 -19"><span class='ocrx_word' id='word_1_62' title='bbox 121 817 153 862; x_wconf 81' lang='lat' dir='ltr'><strong>ab</strong></span> <span class='ocrx_word' id='word_1_63' title='bbox 170 816 213 863; x_wconf 89' lang='lat' dir='ltr'><strong>hoc</strong></span> <span class='ocrx_word' id='word_1_64' title='bbox 225 832 273 865; x_wconf 87' lang='lat' dir='ltr'><strong>esse</strong></span> <span class='ocrx_word' id='word_1_65' title='bbox 290 818 418 881; x_wconf 79' lang='lat' dir='ltr'><strong>repetitam.</strong></span> <span class='ocrx_word' id='word_1_66' title='bbox 445 819 572 867; x_wconf 85' lang='lat' dir='ltr'>Mulierem</span> <span class='ocrx_word' id='word_1_67' title='bbox 587 835 641 867; x_wconf 92' lang='lat' dir='ltr'><strong>cum</strong></span> <span class='ocrx_word' id='word_1_68' title='bbox 655 820 748 867; x_wconf 80' lang='lat' dir='ltr'><strong>emisset</strong></span> <span class='ocrx_word' id='word_1_69' title='bbox 766 819 796 868; x_wconf 85' lang='lat' dir='ltr'><strong>de</strong></span> 
     </span>
     <span class='ocr_line' id='line_1_11' title="bbox 121 882 794 945; baseline 0.006 -18"><span class='ocrx_word' id='word_1_70' title='bbox 121 882 256 941; x_wconf 78' lang='lat' dir='ltr'><strong>sectoribus,</strong></span> <span class='ocrx_word' id='word_1_71' title='bbox 266 897 312 945; x_wconf 92' lang='lat' dir='ltr'><strong>quo</strong></span> <span class='ocrx_word' id='word_1_72' title='bbox 319 890 421 945; x_wconf 86' lang='lat' dir='ltr'><strong>tempore</strong></span> <span class='ocrx_word' id='word_1_73' title='bbox 428 882 530 945; x_wconf 89' lang='lat' dir='ltr'><strong>primum</strong></span> <span class='ocrx_word' id='word_1_74' title='bbox 538 883 635 931; x_wconf 84' lang='lat' dir='ltr'><strong>liberam</strong></span> <span class='ocrx_word' id='word_1_75' title='bbox 641 898 691 931; x_wconf 85' lang='lat' dir='ltr'><strong>esse</strong></span> <span class='ocrx_word' id='word_1_76' title='bbox 697 884 794 943; x_wconf 85' lang='lat' dir='ltr'><strong>audivit,</strong></span> 
     </span>
     <span class='ocr_line' id='line_1_12' title="bbox 123 944 794 1011; baseline 0.007 -21"><span class='ocrx_word' id='word_1_77' title='bbox 123 944 174 991; x_wconf 85' lang='lat' dir='ltr'><strong>sine</strong></span> <span class='ocrx_word' id='word_1_78' title='bbox 179 945 266 1005; x_wconf 86' lang='lat' dir='ltr'><strong>judicio</strong></span> <span class='ocrx_word' id='word_1_79' title='bbox 277 946 375 993; x_wconf 85' lang='lat' dir='ltr'><strong>reddidit</strong></span> <span class='ocrx_word' id='word_1_80' title='bbox 386 946 464 994; x_wconf 83' lang='lat' dir='ltr'><strong>Coelio.</strong></span> <span class='ocrx_word' id='word_1_81' title='bbox 482 947 589 994; x_wconf 86' lang='lat' dir='ltr'><strong>Ennium</strong></span> <span class='ocrx_word' id='word_1_82' title='bbox 599 962 648 994; x_wconf 87' lang='lat' dir='ltr'><strong>esse</strong></span> <span class='ocrx_word' id='word_1_83' title='bbox 659 948 794 1011; x_wconf 81' lang='lat' dir='ltr'><strong>quemdam,</strong></span> 
     </span>
     <span class='ocr_line' id='line_1_13' title="bbox 120 1010 795 1075; baseline 0.004 -20"><span class='ocrx_word' id='word_1_84' title='bbox 120 1010 189 1069; x_wconf 86' lang='lat' dir='ltr'><strong>cujus</strong></span> <span class='ocrx_word' id='word_1_85' title='bbox 200 1012 260 1057; x_wconf 88' lang='lat' dir='ltr'><strong>bona</strong></span> <span class='ocrx_word' id='word_1_86' title='bbox 269 1018 345 1058; x_wconf 88' lang='lat' dir='ltr'><strong>teneat</strong></span> <span class='ocrx_word' id='word_1_87' title='bbox 352 1010 445 1058; x_wconf 83' lang='lat' dir='ltr'><strong>Avitus.</strong></span> <span class='ocrx_word' id='word_1_88' title='bbox 462 1011 507 1060; x_wconf 87' lang='lat' dir='ltr'><strong>Est</strong></span> <span class='ocrx_word' id='word_1_89' title='bbox 514 1011 650 1059; x_wconf 88' lang='lat' dir='ltr'><strong>hicEnnius</strong></span> <span class='ocrx_word' id='word_1_90' title='bbox 661 1026 730 1075; x_wconf 80' lang='lat' dir='ltr'><strong>egens</strong></span> <span class='ocrx_word' id='word_1_91' title='bbox 741 1011 795 1074; x_wconf 93' lang='lat' dir='ltr'><strong>qui-</strong></span> 
     </span>
     <span class='ocr_line' id='line_1_14' title="bbox 121 1071 797 1139; baseline 0.006 -20"><span class='ocrx_word' id='word_1_92' title='bbox 121 1071 186 1130; x_wconf 88' lang='lat' dir='ltr'><strong>dam,</strong></span> <span class='ocrx_word' id='word_1_93' title='bbox 198 1074 357 1135; x_wconf 69' lang='lat' dir='ltr'><strong>calumniator,</strong></span> <span class='ocrx_word' id='word_1_94' title='bbox 372 1076 524 1124; x_wconf 84' lang='lat' dir='ltr'><strong>mercenarius</strong></span> <span class='ocrx_word' id='word_1_95' title='bbox 539 1075 672 1139; x_wconf 75' lang='lat' dir='ltr'><strong>Oppianici,</strong></span> <span class='ocrx_word' id='word_1_96' title='bbox 684 1075 726 1139; x_wconf 93' lang='lat' dir='ltr'><strong>qui</strong></span> <span class='ocrx_word' id='word_1_97' title='bbox 743 1091 797 1138; x_wconf 90' lang='lat' dir='ltr'><strong>per-</strong></span> 
     </span>
     <span class='ocr_line' id='line_1_15' title="bbox 121 1135 795 1204; baseline 0.009 -23"><span class='ocrx_word' id='word_1_98' title='bbox 121 1135 209 1184; x_wconf 86' lang='lat' dir='ltr'><strong>multos</strong></span> <span class='ocrx_word' id='word_1_99' title='bbox 223 1152 294 1186; x_wconf 81' lang='lat' dir='ltr'><strong>annos</strong></span> <span class='ocrx_word' id='word_1_100' title='bbox 311 1139 412 1202; x_wconf 82' lang='lat' dir='ltr'><strong>quievit;</strong></span> <span class='ocrx_word' id='word_1_101' title='bbox 430 1140 512 1188; x_wconf 89' lang='lat' dir='ltr'><strong>deinde</strong></span> <span class='ocrx_word' id='word_1_102' title='bbox 528 1140 652 1204; x_wconf 86' lang='lat' dir='ltr'><strong>aliquando</strong></span> <span class='ocrx_word' id='word_1_103' title='bbox 664 1155 718 1187; x_wconf 88' lang='lat' dir='ltr'><strong>cum</strong></span> <span class='ocrx_word' id='word_1_104' title='bbox 729 1155 795 1187; x_wconf 79' lang='lat' dir='ltr'><strong>servo</strong></span> 
     </span>
     <span class='ocr_line' id='line_1_16' title="bbox 120 1199 794 1267; baseline 0.009 -21"><span class='ocrx_word' id='word_1_105' title='bbox 120 1199 190 1247; x_wconf 87' lang='lat' dir='ltr'><strong>Aviti</strong></span> <span class='ocrx_word' id='word_1_106' title='bbox 196 1201 251 1249; x_wconf 87' lang='lat' dir='ltr'><strong>furti</strong></span> <span class='ocrx_word' id='word_1_107' title='bbox 258 1203 316 1265; x_wconf 85' lang='lat' dir='ltr'><strong>egit;</strong></span> <span class='ocrx_word' id='word_1_108' title='bbox 329 1218 402 1267; x_wconf 88' lang='lat' dir='ltr'><strong>nuper</strong></span> <span class='ocrx_word' id='word_1_109' title='bbox 410 1206 439 1252; x_wconf 85' lang='lat' dir='ltr'><strong>ab</strong></span> <span class='ocrx_word' id='word_1_110' title='bbox 445 1203 571 1267; x_wconf 82' lang='lat' dir='ltr'><strong>ipsoAvito</strong></span> <span class='ocrx_word' id='word_1_111' title='bbox 577 1212 653 1267; x_wconf 90' lang='lat' dir='ltr'><strong>petere</strong></span> <span class='ocrx_word' id='word_1_112' title='bbox 659 1204 733 1267; x_wconf 87' lang='lat' dir='ltr'><strong>coepit.</strong></span> <span class='ocrx_word' id='word_1_113' title='bbox 746 1203 794 1252; x_wconf 88' lang='lat' dir='ltr'><strong>Hic</strong></span> 
     </span>
     <span class='ocr_line' id='line_1_17' title="bbox 120 1264 795 1328; baseline 0.007 -17"><span class='ocrx_word' id='word_1_114' title='bbox 120 1264 163 1311; x_wconf 88' lang='lat' dir='ltr'><strong>illo</strong></span> <span class='ocrx_word' id='word_1_115' title='bbox 168 1265 258 1327; x_wconf 86' lang='lat' dir='ltr'><strong>privato</strong></span> <span class='ocrx_word' id='word_1_116' title='bbox 261 1266 356 1328; x_wconf 85' lang='lat' dir='ltr'><strong>judicio,</strong></span> <span class='ocrx_word' id='word_1_117' title='bbox 362 1267 430 1321; x_wconf 88' lang='lat' dir='ltr'><strong>(mihi</strong></span> <span class='ocrx_word' id='word_1_118' title='bbox 436 1268 530 1325; x_wconf 82' lang='lat' dir='ltr'><strong>credite)</strong></span> <span class='ocrx_word' id='word_1_119' title='bbox 537 1269 603 1316; x_wconf 91' lang='lat' dir='ltr'><strong>nobis</strong></span> <span class='ocrx_word' id='word_1_120' title='bbox 610 1268 691 1315; x_wconf 84' lang='lat' dir='ltr'><strong>iisdem</strong></span> <span class='ocrx_word' id='word_1_121' title='bbox 698 1268 795 1316; x_wconf 79' lang='lat' dir='ltr'><strong>fortasse</strong></span> 
     </span>
     <span class='ocr_line' id='line_1_18' title="bbox 120 1329 795 1395; baseline 0.003 -18"><span class='ocrx_word' id='word_1_122' title='bbox 120 1329 232 1391; x_wconf 84' lang='lat' dir='ltr'><strong>patronis,</strong></span> <span class='ocrx_word' id='word_1_123' title='bbox 244 1330 383 1378; x_wconf 86' lang='lat' dir='ltr'><strong>calumniam</strong></span> <span class='ocrx_word' id='word_1_124' title='bbox 396 1346 443 1377; x_wconf 90' lang='lat' dir='ltr'><strong>non</strong></span> <span class='ocrx_word' id='word_1_125' title='bbox 458 1332 560 1395; x_wconf 79' lang='lat' dir='ltr'><strong>effugiet</strong></span> <span class='ocrx_word' id='word_1_126' title='bbox 580 1334 604 1380; x_wconf 90' lang='lat' dir='ltr'>A</span> <span class='ocrx_word' id='word_1_127' title='bbox 631 1348 661 1379; x_wconf 91' lang='lat' dir='ltr'><strong>ue</strong></span> <span class='ocrx_word' id='word_1_128' title='bbox 677 1332 755 1391; x_wconf 88' lang='lat' dir='ltr'><strong>etiam,</strong></span> <span class='ocrx_word' id='word_1_129' title='bbox 766 1340 795 1379; x_wconf 87' lang='lat' dir='ltr'><strong>ut</strong></span> 
     </span>
     <span class='ocr_line' id='line_1_19' title="bbox 119 1392 792 1459; baseline 0.007 -21"><span class='ocrx_word' id='word_1_130' title='bbox 119 1392 188 1439; x_wconf 88' lang='lat' dir='ltr'><strong>nobis</strong></span> <span class='ocrx_word' id='word_1_131' title='bbox 199 1394 349 1455; x_wconf 89' lang='lat' dir='ltr'><strong>renuntiatur,</strong></span> <span class='ocrx_word' id='word_1_132' title='bbox 357 1396 474 1443; x_wconf 89' lang='lat' dir='ltr'><strong>hominem</strong></span> <span class='ocrx_word' id='word_1_133' title='bbox 482 1398 609 1444; x_wconf 87' lang='lat' dir='ltr'><strong>multorum</strong></span> <span class='ocrx_word' id='word_1_134' title='bbox 636 1396 747 1459; x_wconf 88' lang='lat' dir='ltr'><strong>ospitum,</strong></span> <span class='ocrx_word' id='word_1_135' title='bbox 758 1396 792 1443; x_wconf 81' lang='lat' dir='ltr'><strong>A.</strong></span> 
     </span>
     <span class='ocr_line' id='line_1_20' title="bbox 119 1456 795 1522; baseline 0.006 -19"><span class='ocrx_word' id='word_1_136' title='bbox 119 1456 235 1504; x_wconf 88' lang='lat' dir='ltr'><strong>Binnium</strong></span> <span class='ocrx_word' id='word_1_137' title='bbox 246 1459 379 1522; x_wconf 79' lang='lat' dir='ltr'><strong>quemdam,</strong></span> <span class='ocrx_word' id='word_1_138' title='bbox 388 1474 523 1521; x_wconf 81' lang='lat' dir='ltr'><strong>cauponem,</strong></span> <span class='ocrx_word' id='word_1_139' title='bbox 531 1460 561 1507; x_wconf 88' lang='lat' dir='ltr'><strong>de</strong></span> <span class='ocrx_word' id='word_1_140' title='bbox 568 1460 606 1507; x_wconf 77' lang='lat' dir='ltr'><strong>vit</strong></span> <span class='ocrx_word' id='word_1_141' title='bbox 613 1460 795 1517; x_wconf 59' lang='lat' dir='ltr'><strong>latiniusubor-¹</strong></span> 
     </span>
     <span class='ocr_line' id='line_1_21' title="bbox 118 1521 792 1646; baseline 0.003 -79"><span class='ocrx_word' id='word_1_142' title='bbox 118 1521 194 1579; x_wconf 85' lang='lat' dir='ltr'><strong>natis;</strong></span> <span class='ocrx_word' id='word_1_143' title='bbox 206 1522 792 1646; x_wconf 44' lang='lat' dir='ltr'><strong>ffiffl’afflgimfiowufiejud’infflffi</strong></span> 
     </span>
     <span class='ocr_line' id='line_1_22' title="bbox 118 1600 642 1651; baseline 0.004 -20"><span class='ocrx_word' id='word_1_144' title='bbox 118 1600 203 1633; x_wconf 88' lang='lat' dir='ltr'><strong>manus</strong></span> <span class='ocrx_word' id='word_1_145' title='bbox 298 1602 345 1635; x_wconf 82' lang='lat' dir='ltr'><strong>esse</strong></span> <span class='ocrx_word' id='word_1_146' title='bbox 379 1604 405 1635; x_wconf 84' lang='lat' dir='ltr'><strong>ca</strong></span> <span class='ocrx_word' id='word_1_147' title='bbox 465 1603 501 1651; x_wconf 39' lang='lat' dir='ltr'><strong>uo,</strong></span> <span class='ocrx_word' id='word_1_148' title='bbox 518 1604 531 1635; x_wconf 91' lang='lat' dir='ltr'><strong>e</strong></span> <span class='ocrx_word' id='word_1_149' title='bbox 558 1602 642 1646; x_wconf 88' lang='lat' dir='ltr'><strong>omme,</strong></span> 
     </span>
    </p>

    <p class='ocr_par' dir='ltr' id='par_1_3' title="bbox 115 1650 790 2111">
     <span class='ocr_line' id='line_1_23' title="bbox 118 1650 790 1713; baseline 0.003 -18"><span class='ocrx_word' id='word_1_150' title='bbox 118 1663 183 1697; x_wconf 91' lang='lat' dir='ltr'><strong>nunc</strong></span> <span class='ocrx_word' id='word_1_151' title='bbox 193 1650 267 1699; x_wconf 83' lang='lat' dir='ltr'><strong>dicere</strong></span> <span class='ocrx_word' id='word_1_152' title='bbox 277 1652 343 1699; x_wconf 92' lang='lat' dir='ltr'><strong>nobis</strong></span> <span class='ocrx_word' id='word_1_153' title='bbox 353 1661 387 1699; x_wconf 87' lang='lat' dir='ltr'><strong>est</strong></span> <span class='ocrx_word' id='word_1_154' title='bbox 394 1666 491 1699; x_wconf 86' lang='lat' dir='ltr'><strong>necesse.</strong></span> <span class='ocrx_word' id='word_1_155' title='bbox 507 1651 534 1699; x_wconf 89' lang='lat' dir='ltr'><strong>Si</strong></span> <span class='ocrx_word' id='word_1_156' title='bbox 540 1651 669 1698; x_wconf 83' lang='lat' dir='ltr'><strong>invitaverit</strong></span> <span class='ocrx_word' id='word_1_157' title='bbox 675 1650 718 1709; x_wconf 88' lang='lat' dir='ltr'><strong>(id,</strong></span> <span class='ocrx_word' id='word_1_158' title='bbox 727 1650 790 1713; x_wconf 87' lang='lat' dir='ltr'><strong>quod</strong></span> 
     </span>
     <span class='ocr_line' id='line_1_24' title="bbox 117 1712 790 1780; baseline 0.004 -21"><span class='ocrx_word' id='word_1_159' title='bbox 117 1712 196 1773; x_wconf 86' lang='lat' dir='ltr'><strong>solet),</strong></span> <span class='ocrx_word' id='word_1_160' title='bbox 208 1714 241 1763; x_wconf 85' lang='lat' dir='ltr'><strong>sic</strong></span> <span class='ocrx_word' id='word_1_161' title='bbox 250 1715 368 1763; x_wconf 91' lang='lat' dir='ltr'><strong>hominem</strong></span> <span class='ocrx_word' id='word_1_162' title='bbox 380 1716 527 1780; x_wconf 75' lang='lat' dir='ltr'><strong>accipiemus,</strong></span> <span class='ocrx_word' id='word_1_163' title='bbox 542 1724 570 1762; x_wconf 89' lang='lat' dir='ltr'><strong>ut</strong></span> <span class='ocrx_word' id='word_1_164' title='bbox 582 1716 676 1762; x_wconf 83' lang='lat' dir='ltr'><strong>moleste</strong></span> <span class='ocrx_word' id='word_1_165' title='bbox 686 1713 753 1772; x_wconf 85' lang='lat' dir='ltr'><strong>ferat,</strong></span> <span class='ocrx_word' id='word_1_166' title='bbox 764 1729 790 1762; x_wconf 90' lang='lat' dir='ltr'><strong>se</strong></span> 
     </span>
     <span class='ocr_line' id='line_1_25' title="bbox 116 1777 789 1843; baseline 0.006 -20"><span class='ocrx_word' id='word_1_167' title='bbox 116 1777 147 1823; x_wconf 88' lang='lat' dir='ltr'><strong>de</strong></span> <span class='ocrx_word' id='word_1_168' title='bbox 162 1778 200 1825; x_wconf 73' lang='lat' dir='ltr'><strong>vii</strong></span> <span class='ocrx_word' id='word_1_169' title='bbox 214 1779 341 1828; x_wconf 85' lang='lat' dir='ltr'><strong>decessisse.</strong></span> <span class='ocrx_word' id='word_1_170' title='bbox 362 1780 469 1840; x_wconf 87' lang='lat' dir='ltr'><strong>Habetis,</strong></span> <span class='ocrx_word' id='word_1_171' title='bbox 486 1778 583 1841; x_wconf 83' lang='lat' dir='ltr'><strong>judices,</strong></span> <span class='ocrx_word' id='word_1_172' title='bbox 599 1795 660 1843; x_wconf 85' lang='lat' dir='ltr'><strong>quae,</strong></span> <span class='ocrx_word' id='word_1_173' title='bbox 677 1778 701 1825; x_wconf 89' lang='lat' dir='ltr'><strong>in</strong></span> <span class='ocrx_word' id='word_1_174' title='bbox 717 1786 789 1827; x_wconf 80' lang='lat' dir='ltr'><strong>totam</strong></span> 
     </span>
     <span class='ocr_line' id='line_1_26' title="bbox 118 1841 790 1903; baseline 0.004 -15"><span class='ocrx_word' id='word_1_175' title='bbox 118 1841 200 1901; x_wconf 84' lang='lat' dir='ltr'><strong>vitam,</strong></span> <span class='ocrx_word' id='word_1_176' title='bbox 212 1843 241 1890; x_wconf 88' lang='lat' dir='ltr'><strong>de</strong></span> <span class='ocrx_word' id='word_1_177' title='bbox 248 1844 351 1891; x_wconf 90' lang='lat' dir='ltr'><strong>moribus</strong></span> <span class='ocrx_word' id='word_1_178' title='bbox 360 1846 393 1892; x_wconf 86' lang='grc' dir='ltr'><strong>Α.</strong></span> <span class='ocrx_word' id='word_1_179' title='bbox 402 1844 513 1903; x_wconf 84' lang='lat' dir='ltr'><strong>Cluentii,</strong></span> <span class='ocrx_word' id='word_1_180' title='bbox 540 1858 594 1891; x_wconf 87' lang='lat' dir='ltr'><strong>uem</strong></span> <span class='ocrx_word' id='word_1_181' title='bbox 605 1843 641 1890; x_wconf 87' lang='lat' dir='ltr'><strong>illi·</strong></span> <span class='ocrx_word' id='word_1_182' title='bbox 650 1843 790 1891; x_wconf 85' lang='lat' dir='ltr'><strong>invidiosum</strong></span> 
     </span>
     <span class='ocr_line' id='line_1_27' title="bbox 117 1907 789 1969; baseline 0.006 -18"><span class='ocrx_word' id='word_1_183' title='bbox 117 1920 185 1952; x_wconf 87' lang='lat' dir='ltr'><strong>reum</strong></span> <span class='ocrx_word' id='word_1_184' title='bbox 193 1908 273 1954; x_wconf 85' lang='lat' dir='ltr'><strong>volunt</strong></span> <span class='ocrx_word' id='word_1_185' title='bbox 281 1924 337 1969; x_wconf 82' lang='lat' dir='ltr'><strong>esse,</strong></span> <span class='ocrx_word' id='word_1_186' title='bbox 347 1923 418 1956; x_wconf 88' lang='lat' dir='ltr'><strong>annos</strong></span> <span class='ocrx_word' id='word_1_187' title='bbox 426 1918 476 1956; x_wconf 89' lang='lat' dir='ltr'><strong>octo</strong></span> <span class='ocrx_word' id='word_1_188' title='bbox 486 1924 510 1955; x_wconf 89' lang='lat' dir='ltr'><strong>m</strong></span> <span class='ocrx_word' id='word_1_189' title='bbox 541 1907 591 1955; x_wconf 81' lang='lat' dir='ltr'><strong>&#39;tati</strong></span> <span class='ocrx_word' id='word_1_190' title='bbox 596 1916 735 1955; x_wconf 87' lang='lat' dir='ltr'><strong>accusatores</strong></span> <span class='ocrx_word' id='word_1_191' title='bbox 741 1907 789 1955; x_wconf 89' lang='lat' dir='ltr'><strong>col-</strong></span> 
     </span>
     <span class='ocr_line' id='line_1_28' title="bbox 115 1970 786 2037; baseline 0.003 -20"><span class='ocrx_word' id='word_1_192' title='bbox 115 1970 237 2031; x_wconf 80' lang='lat' dir='ltr'><strong>legerunt:</strong></span> <span class='ocrx_word' id='word_1_193' title='bbox 255 1987 326 2035; x_wconf 89' lang='lat' dir='ltr'><strong>quam</strong></span> <span class='ocrx_word' id='word_1_194' title='bbox 336 1973 403 2031; x_wconf 86' lang='lat' dir='ltr'><strong>levia,</strong></span> <span class='ocrx_word' id='word_1_195' title='bbox 414 1988 497 2035; x_wconf 80' lang='lat' dir='ltr'><strong>genere</strong></span> <span class='ocrx_word' id='word_1_196' title='bbox 507 1972 572 2037; x_wconf 86' lang='lat' dir='ltr'><strong>ipso!</strong></span> <span class='ocrx_word' id='word_1_197' title='bbox 590 1988 661 2036; x_wconf 87' lang='lat' dir='ltr'><strong>quarn</strong></span> <span class='ocrx_word' id='word_1_198' title='bbox 667 1972 734 2032; x_wconf 86' lang='lat' dir='ltr'><strong>falsa,</strong></span> <span class='ocrx_word' id='word_1_199' title='bbox 745 1972 786 2020; x_wconf 88' lang='lat' dir='ltr'><strong>ral</strong></span> 
     </span>
     <span class='ocr_line' id='line_1_29' title="bbox 115 2035 421 2111; baseline 0.007 -30"><span class='ocrx_word' id='word_1_200' title='bbox 115 2048 189 2097; x_wconf 85' lang='lat' dir='ltr'><strong>quam</strong></span> <span class='ocrx_word' id='word_1_201' title='bbox 200 2035 285 2094; x_wconf 85' lang='lat' dir='ltr'><strong>brevia,</strong></span> <span class='ocrx_word' id='word_1_202' title='bbox 294 2052 404 2111; x_wconf 86' lang='lat' dir='ltr'><strong>responsu</strong></span> <span class='ocrx_word' id='word_1_203' title='bbox 415 2038 421 2083; x_wconf 90' lang='lat'>!</span> 
     </span>
    </p>

    <p class='ocr_par' dir='ltr' id='par_1_4' title="bbox 114 2098 787 2548">
     <span class='ocr_line' id='line_1_30' title="bbox 150 2098 786 2163; baseline 0.003 -18"><span class='ocrx_word' id='word_1_204' title='bbox 150 2098 206 2145; x_wconf 81' lang='lat' dir='ltr'><strong>LX.</strong></span> <span class='ocrx_word' id='word_1_205' title='bbox 224 2100 357 2163; x_wconf 86' lang='lat' dir='ltr'><strong>Cognoscrte</strong></span> <span class='ocrx_word' id='word_1_206' title='bbox 368 2115 430 2148; x_wconf 89' lang='lat' dir='ltr'><strong>nuuc</strong></span> <span class='ocrx_word' id='word_1_207' title='bbox 440 2100 473 2161; x_wconf 89' lang='lat' dir='ltr'><strong>id,</strong></span> <span class='ocrx_word' id='word_1_208' title='bbox 486 2101 548 2163; x_wconf 90' lang='lat' dir='ltr'><strong>quod</strong></span> <span class='ocrx_word' id='word_1_209' title='bbox 558 2100 588 2147; x_wconf 87' lang='lat' dir='ltr'><strong>ad</strong></span> <span class='ocrx_word' id='word_1_210' title='bbox 598 2108 699 2148; x_wconf 89' lang='lat' dir='ltr'><strong>vestrum</strong></span> <span class='ocrx_word' id='word_1_211' title='bbox 708 2100 786 2161; x_wconf 83' lang='lat' dir='ltr'><strong>jusju-</strong></span> 
     </span>
     <span class='ocr_line' id='line_1_31' title="bbox 114 2162 787 2227; baseline 0 -16"><span class='ocrx_word' id='word_1_212' title='bbox 114 2162 216 2211; x_wconf 83' lang='lat' dir='ltr'><strong>randum</strong></span> <span class='ocrx_word' id='word_1_213' title='bbox 226 2164 332 2227; x_wconf 85' lang='lat' dir='ltr'><strong>pertinet,</strong></span> <span class='ocrx_word' id='word_1_214' title='bbox 344 2165 406 2227; x_wconf 92' lang='lat' dir='ltr'><strong>quod</strong></span> <span class='ocrx_word' id='word_1_215' title='bbox 416 2164 486 2214; x_wconf 85' lang='lat' dir='ltr'><strong>vestri</strong></span> <span class='ocrx_word' id='word_1_216' title='bbox 495 2164 577 2225; x_wconf 88' lang='lat' dir='ltr'><strong>judicii</strong></span> <span class='ocrx_word' id='word_1_217' title='bbox 592 2173 634 2222; x_wconf 87' lang='lat' dir='ltr'><strong>est,</strong></span> <span class='ocrx_word' id='word_1_218' title='bbox 649 2164 712 2227; x_wconf 92' lang='lat' dir='ltr'><strong>quod</strong></span> <span class='ocrx_word' id='word_1_219' title='bbox 722 2164 787 2212; x_wconf 88' lang='lat' dir='ltr'><strong>vobis</strong></span> 
     </span>
     <span class='ocr_line' id='line_1_32' title="bbox 114 2227 787 2293; baseline 0 -18"><span class='ocrx_word' id='word_1_220' title='bbox 114 2228 191 2275; x_wconf 76' lang='lat' dir='ltr'><strong>orrens</strong></span> <span class='ocrx_word' id='word_1_221' title='bbox 202 2228 312 2293; x_wconf 90' lang='lat' dir='ltr'><strong>imposuit</strong></span> <span class='ocrx_word' id='word_1_222' title='bbox 320 2244 347 2276; x_wconf 86' lang='lat' dir='ltr'><strong>ea</strong></span> <span class='ocrx_word' id='word_1_223' title='bbox 357 2230 403 2288; x_wconf 86' lang='lat' dir='ltr'><strong>lex,</strong></span> <span class='ocrx_word' id='word_1_224' title='bbox 413 2228 459 2293; x_wconf 77' lang='lat' dir='ltr'><strong>qui</strong></span> <span class='ocrx_word' id='word_1_225' title='bbox 470 2229 540 2277; x_wconf 81' lang='lat' dir='ltr'><strong>coacti</strong></span> <span class='ocrx_word' id='word_1_226' title='bbox 549 2229 596 2277; x_wconf 92' lang='lat' dir='ltr'><strong>huc</strong></span> <span class='ocrx_word' id='word_1_227' title='bbox 605 2227 750 2287; x_wconf 83' lang='lat' dir='ltr'><strong>convenistis,</strong></span> <span class='ocrx_word' id='word_1_228' title='bbox 756 2228 787 2276; x_wconf 85' lang='lat' dir='ltr'><strong>de</strong></span> 
     </span>
     <span class='ocr_line' id='line_1_33' title="bbox 115 2291 786 2357; baseline 0 -18"><span class='ocrx_word' id='word_1_229' title='bbox 115 2291 251 2339; x_wconf 86' lang='lat' dir='ltr'><strong>criminibus</strong></span> <span class='ocrx_word' id='word_1_230' title='bbox 262 2293 359 2350; x_wconf 77' lang='lat' dir='ltr'><strong>venepi3</strong></span> <span class='ocrx_word' id='word_1_231' title='bbox 377 2302 404 2357; x_wconf 85' lang='lat' dir='ltr'><strong>ut</strong></span> <span class='ocrx_word' id='word_1_232' title='bbox 414 2308 493 2342; x_wconf 88' lang='lat' dir='ltr'><strong>omnes</strong></span> <span class='ocrx_word' id='word_1_233' title='bbox 499 2294 636 2355; x_wconf 81' lang='lat' dir='ltr'><strong>intelligant,</strong></span> <span class='ocrx_word' id='word_1_234' title='bbox 645 2308 716 2356; x_wconf 88' lang='lat' dir='ltr'><strong>quam</strong></span> <span class='ocrx_word' id='word_1_235' title='bbox 726 2305 786 2354; x_wconf 85' lang='lat' dir='ltr'><strong>pau·</strong></span> 
     </span>
     <span class='ocr_line' id='line_1_34' title="bbox 114 2355 787 2424; baseline 0 -21"><span class='ocrx_word' id='word_1_236' title='bbox 114 2355 148 2404; x_wconf 87' lang='lat' dir='ltr'><strong>cis</strong></span> <span class='ocrx_word' id='word_1_237' title='bbox 159 2356 235 2404; x_wconf 83' lang='lat' dir='ltr'><strong>verbis</strong></span> <span class='ocrx_word' id='word_1_238' title='bbox 245 2357 294 2404; x_wconf 73' lang='lat' dir='ltr'><strong>hac</strong></span> <span class='ocrx_word' id='word_1_239' title='bbox 304 2373 372 2405; x_wconf 86' lang='lat' dir='ltr'><strong>causa</strong></span> <span class='ocrx_word' id='word_1_240' title='bbox 379 2358 479 2420; x_wconf 82' lang='lat' dir='ltr'><strong>perorari</strong></span> <span class='ocrx_word' id='word_1_241' title='bbox 487 2358 595 2424; x_wconf 80' lang='lat' dir='ltr'><strong>potuerit,</strong></span> <span class='ocrx_word' id='word_1_242' title='bbox 603 2365 626 2403; x_wconf 89' lang='lat' dir='ltr'><strong>et</strong></span> <span class='ocrx_word' id='word_1_243' title='bbox 632 2371 703 2419; x_wconf 90' lang='lat' dir='ltr'><strong>quam</strong></span> <span class='ocrx_word' id='word_1_244' title='bbox 711 2357 787 2403; x_wconf 85' lang='lat' dir='ltr'><strong>multa</strong></span> 
     </span>
     <span class='ocr_line' id='line_1_35' title="bbox 114 2419 784 2485; baseline -0.006 -16"><span class='ocrx_word' id='word_1_245' title='bbox 114 2437 130 2469; x_wconf 83' lang='lat' dir='ltr'><strong>a</strong></span> <span class='ocrx_word' id='word_1_246' title='bbox 141 2434 179 2467; x_wconf 89' lang='lat' dir='ltr'><strong>me</strong></span> <span class='ocrx_word' id='word_1_247' title='bbox 190 2420 250 2469; x_wconf 88' lang='lat' dir='ltr'><strong>dicta</strong></span> <span class='ocrx_word' id='word_1_248' title='bbox 264 2422 318 2481; x_wconf 88' lang='lat' dir='ltr'><strong>sint,</strong></span> <span class='ocrx_word' id='word_1_249' title='bbox 329 2438 381 2485; x_wconf 83' lang='lat' dir='ltr'><strong>quae</strong></span> <span class='ocrx_word' id='word_1_250' title='bbox 394 2422 424 2469; x_wconf 85' lang='lat' dir='ltr'><strong>sd</strong></span> <span class='ocrx_word' id='word_1_251' title='bbox 434 2422 505 2483; x_wconf 83' lang='lat' dir='ltr'><strong>hujus</strong></span> <span class='ocrx_word' id='word_1_252' title='bbox 515 2421 657 2473; x_wconf 83' lang='lat' dir='ltr'><strong>voluntatem</strong></span> <span class='ocrx_word' id='word_1_253' title='bbox 673 2419 784 2479; x_wconf 83' lang='lat' dir='ltr'><strong>maxime,</strong></span> 
     </span>
     <span class='ocr_line' id='line_1_36' title="bbox 115 2484 650 2548; baseline -0.002 -16"><span class='ocrx_word' id='word_1_254' title='bbox 115 2484 146 2532; x_wconf 88' lang='lat' dir='ltr'><strong>ad</strong></span> <span class='ocrx_word' id='word_1_255' title='bbox 157 2493 259 2532; x_wconf 83' lang='lat' dir='ltr'><strong>vestrum</strong></span> <span class='ocrx_word' id='word_1_256' title='bbox 264 2486 378 2547; x_wconf 90' lang='lat' dir='ltr'><strong>judicium</strong></span> <span class='ocrx_word' id='word_1_257' title='bbox 389 2486 494 2542; x_wconf 80' lang='lat' dir='ltr'><strong>minime,</strong></span> <span class='ocrx_word' id='word_1_258' title='bbox 504 2484 650 2548; x_wconf 80' lang='lat' dir='ltr'><strong>pertinerent.</strong></span> 
     </span>
    </p>

    <p class='ocr_par' dir='ltr' id='par_1_5' title="bbox 147 2546 785 2613">
     <span class='ocr_line' id='line_1_37' title="bbox 147 2546 785 2613; baseline -0.005 -16"><span class='ocrx_word' id='word_1_259' title='bbox 147 2548 274 2610; x_wconf 87' lang='lat' dir='ltr'><strong>Objectum</strong></span> <span class='ocrx_word' id='word_1_260' title='bbox 285 2558 328 2610; x_wconf 88' lang='lat' dir='ltr'><strong>est,</strong></span> <span class='ocrx_word' id='word_1_261' title='bbox 335 2550 363 2598; x_wconf 80' lang='grc' dir='ltr'><strong>Ο.</strong></span> <span class='ocrx_word' id='word_1_262' title='bbox 370 2550 470 2598; x_wconf 91' lang='lat' dir='ltr'><strong>Vibium</strong></span> <span class='ocrx_word' id='word_1_263' title='bbox 476 2550 592 2613; x_wconf 79' lang='lat' dir='ltr'><strong>Capacem</strong></span> <span class='ocrx_word' id='word_1_264' title='bbox 599 2550 628 2595; x_wconf 91' lang='lat' dir='ltr'><strong>ab</strong></span> <span class='ocrx_word' id='word_1_265' title='bbox 637 2548 681 2606; x_wconf 77' lang='lat' dir='ltr'><strong>hoc</strong></span> <span class='ocrx_word' id='word_1_266' title='bbox 686 2546 719 2594; x_wconf 87' lang='lat' dir='ltr'><strong>A.</strong></span> <span class='ocrx_word' id='word_1_267' title='bbox 727 2546 785 2595; x_wconf 85' lang='lat' dir='ltr'><strong>clu-</strong></span> 
     </span>
    </p>
   </div>
   <div class='ocr_carea' id='block_1_3' title="bbox 0 0 930 2909">
    <p class='ocr_par' dir='ltr' id='par_1_6' title="bbox 0 0 930 2909">
     <span class='ocr_line' id='line_1_38' title="bbox 0 0 930 2909; baseline 0 2"><span class='ocrx_word' id='word_1_268' title='bbox 0 0 930 2909; x_wconf 95' lang='lat' dir='ltr'><strong> </strong></span> 
     </span>
    </p>
   </div>
  </div>
 </body>
</html>
