1850 2909
210 41 279 98 PRO
295 41 387 92 isos
403 39 571 90 MANILIA.
586 41 703 90 Gar-15.
746 42 793 90 its

122 179 184 220 certe
200 170 288 220 nemini
302 171 401 220 dubium
418 177 461 230 est,
479 169 537 232 quin
552 169 795 218 eireideinilleim·

121 243 214 298 partor
225 237 354 299 plurimum
365 233 443 297 possit.
469 233 624 282 Vehementer
634 243 711 281 autem
721 234 793 297 perti.

121 315 177 348 nere
188 300 218 348 sd
229 301 289 350 bellu
299 297 488 356 administranda,
500 299 557 360 quid
566 299 651 356 hostes,
660 298 717 361 quid
727 299 791 359 socii,

121 363 152 411 de
172 365 349 427 imperatoribus
364 363 443 412 vestris
462 361 602 419 existiment,
621 362 672 426 quis
691 362 791 424 ignorat,

121 443 178 478 cuin
196 430 303 489 soiainus,
319 429 423 476 homines
433 427 458 474 iii
469 427 538 474 tantis
548 429 625 484 rebus,
640 435 668 473 ut
680 434 722 474 aut
737 442 791 474 con.

121 500 237 551 temnant,
248 503 290 542 aut
300 501 413 551 metuent,
425 501 467 538 aut
476 491 574 550 oderint,
591 499 631 538 aut
642 498 728 547 ament,
740 492 791 554 opi-

121 557 191 606 nione
201 573 248 607 non
259 559 336 606 minus
346 557 423 616 famae,
438 571 510 619 quam
525 555 604 619 aliqui
619 556 681 604 certi
694 555 791 617 ratione,

119 623 280 673 commoveri?
292 622 363 682 Quod
368 622 439 685 igitur
447 635 532 668 nomen
538 635 643 683 unquam
651 620 676 665 in
683 620 738 667 orbe
745 628 790 668 ter-

120 701 201 734 rarum
211 687 295 736 elarius
305 687 369 735 fuit?
386 686 452 748 eujus
463 701 499 732 res
514 694 584 747 gestie
599 687 685 748 pares?
702 684 790 748 dequo

119 749 224 809 homine,
239 767 279 800 vos
293 751 336 811 (id,
353 751 416 814 quod
430 749 533 796 maxime
549 748 604 796 sads
620 749 789 808 metoritstem)

119 822 186 864 tauta
196 825 219 864 et
230 825 278 864 tem
304 816 397 864 roeelara
406 814 495 876 judicia
505 813 606 861 fecistis?

152 833 514 944 Anveroufismusquamesse
530 893 595 926 oram
609 885 658 925 tani
673 877 788 926 desertam

117 945 216 1006 putatis,
223 961 270 1009 quo
280 961 326 993 non
337 945 400 992 illius
410 943 456 990 diei
463 943 526 990 fama
534 943 665 1005 pervaserit,
674 957 727 988 cuin
735 943 788 991 uni-

119 1023 199 1056 versus
215 1011 316 1072 populus
330 1010 460 1066 Romanus,
477 1007 560 1054 referto
573 1006 632 1064 foro,
648 1006 787 1069 repletisque

118 1073 227 1124 omnibus
238 1074 338 1138 templis,
345 1089 375 1122 ex
383 1073 468 1137 quibus
477 1072 517 1118 hio
525 1072 589 1118 locus
597 1070 696 1134 conspici
702 1080 786 1133 potest,

118 1151 195 1186 unum
212 1139 258 1186 sibi
273 1139 303 1192 ssi
319 1153 441 1188 commuue
456 1136 563 1184 omnium
578 1135 683 1198 gentium
699 1135 789 1182 bellum

118 1200 164 1248 Gn.
176 1203 315 1278 Pompeium
326 1204 486 1266 imperatorem
496 1199 652 1263 depoposcitt,
661 1199 753 1263 ltaque,
761 1208 789 1248 ut

118 1266 188 1329 plura
205 1282 251 1314 nori
267 1268 351 1327 dicem,
370 1281 445 1330 neque
460 1265 559 1312 aliorum
575 1264 688 1327 exemplis
704 1264 787 1313 confir-

117 1329 787 1461 iimtiiffiffiffifflffliirffissi

118 1469 254 1509 sumanturr
272 1462 314 1525 qui
324 1477 371 1524 quo
381 1460 419 1508 die
428 1475 444 1506 a
453 1458 518 1507 vobis
528 1457 644 1504 maritimo
654 1457 716 1504 bello
726 1472 785 1519 prae-

117 1524 205 1586 positus
212 1534 247 1574 est
253 1525 386 1590 imperator,
393 1533 458 1572 tanta
463 1531 556 1586 repente
561 1521 637 1570 vilitas
642 1535 785 1578 annonie,eit

118 1589 212 1638 summi
219 1589 298 1654 inopii
308 1599 331 1639 et
339 1590 431 1638 rarimte
444 1587 478 1636 rei
489 1586 655 1643 frumentaria,
665 1592 786 1633 consecute

116 1661 160 1711 eit,
171 1655 241 1704 unius
256 1670 297 1718 spe
313 1663 336 1704 et
350 1653 452 1711 nomine,
468 1661 580 1714 quantam
593 1649 634 1697 viii
648 1664 678 1696 er
693 1649 787 1696 summi

116 1719 220 1766 ubertate
230 1735 339 1782 agrorum
349 1719 459 1767 diuturna
469 1732 517 1780 pax
527 1715 615 1762 efficere
624 1712 743 1778 potuisset.

148 1782 216 1844 Jam,
227 1784 354 1848 sooepiiiii
369 1784 445 1831 Ponto
461 1781 600 1838 calamitate,
617 1794 646 1826 ex
658 1793 685 1825 eo
695 1778 783 1841 pmlio,

115 1845 146 1896 de
156 1863 203 1910 quo
213 1864 254 1898 vos
268 1849 340 1912 poulo
354 1856 407 1896 ante
422 1846 509 1893 invitus
525 1843 644 1902 admonui,
661 1858 715 1890 oiim
730 1843 785 1891 socii

115 1911 400 1976 pertimuissenthostium
406 1927 462 1974 opes
468 1909 587 1972 animique
594 1907 723 1968 crevissent,
731 1909 785 1956 satis
823 1932 827 1938 ·

115 1975 211 2026 firmum
218 1977 351 2041 presidium
357 1976 476 2040 provincia
481 1989 528 2022 non
534 1974 641 2030 haberet;
652 1972 784 2022 amisissetis

116 2041 207 2100 Asiam,
216 2041 329 2102 Quirites,
336 2040 389 2100 nisi,
396 2040 426 2087 cd
431 2040 456 2086 id
463 2041 541 2102 ipsum
546 2037 664 2100 temporis,
673 2037 784 2086 divinitus

115 2105 160 2156 Cn.
176 2107 317 2170 Pompeium
327 2106 356 2154 ad
367 2121 406 2152 eos
416 2105 518 2166 regiones
528 2103 621 2151 fortuna
635 2117 666 2164 po
683 2102 717 2150 uti
733 2103 784 2150 Ro.

115 2171 181 2218 mani
191 2171 311 2220 attulisset.
328 2171 409 2231 Hujus
419 2169 531 2216 adventus
542 2176 565 2215 et
575 2165 660 2214 Mithri
690 2176 738 2215 tem
745 2167 782 2214 iii.

113 2233 182 2284 soliti
191 2236 362 2284 inflsmtnetum
373 2232 467 2282 victorii
475 2233 595 2290 continuit,
613 2240 636 2278 et
647 2229 783 2294 Tigranem,

113 2300 204 2364 mugnis
214 2299 285 2374 copiis
296 2299 441 2348 minitantem
448 2297 522 2356 Asiae,
533 2295 711 2353 remeantur
721 2294 785 2358 quis-

113 2381 186 2428 quam
193 2364 379 2428 dubitabitquid
387 2364 471 2411 virtute
478 2361 621 2426 proiecturus
631 2359 669 2417 sit,
681 2358 722 2432 qui
733 2366 785 2406 tan-

114 2439 167 2478 tum
177 2429 313 2478 auctoritate
322 2427 458 2492 profecerit?
475 2435 517 2474 aut
527 2441 599 2491 quam
610 2423 676 2471 facile
686 2423 784 2486 imperio

113 2503 184 2570 itque
194 2494 296 2544 mamm
306 2492 378 2542 socios
392 2501 415 2541 et
425 2490 546 2554 vectigalia
560 2494 734 2538 consoratunis
744 2487 782 2548 sit,

113 2574 155 2624 qiu
164 2560 215 2624 ipro
224 2558 319 2610 nonine
329 2573 356 2608 so
367 2572 458 2608 rumore
469 2551 614 2604 deseriderit?
631 2613 648 2660 8

597 2629 614 2663 o
