1850 2909
256 55 326 111 rao
342 56 528 109 onununro.
543 58 659 108 omes
684 33 688 46 '
740 56 788 105 sot

125 181 170 247 qul
236 184 243 197 ⁰
274 186 280 199 '
351 185 521 247 condemnent,
538 202 593 235 aum
609 185 734 249 praetem
744 183 788 243 (id,

124 248 190 309 quod
226 250 232 261 '
253 250 500 312 infflo'judicioinvidi
526 251 532 261 '
556 249 562 261 ‘
588 257 639 307 um)
647 247 787 311 pauoosdies

124 314 444 364 exurbsortitionesedisset?
488 315 493 325 '
520 311 784 376 aetbisquidemdixit.

123 374 157 421 In
167 391 283 425 summam
293 378 354 426 enim
362 378 391 425 L.
403 378 515 437 Quintius
522 377 633 425 invidiam
643 376 788 424 concionibus

124 452 181 485 eum
192 442 337 503 quotidianis,
348 442 457 490 seditiosis
468 452 491 489 et
500 440 645 498 turbulentis,
654 440 787 487 adduxerat.

123 500 788 569 Unejudioionqultaestabeopetita,sicutabJunio,quod

123 579 173 613 non
187 582 234 615 suae
249 570 346 617 decuriae
359 585 462 630 munna,
479 575 554 633 neque
570 585 599 616 ex
614 569 674 631 lege,
689 567 788 615 sedisset.

125 628 201 678 Paulo
212 632 320 681 sedatiore
330 642 431 697 tempore
437 641 602 691 estaoousatus,
610 648 681 695 quam
691 631 787 691 Iunius,

124 692 166 741 sed
177 695 309 746 eidemlere
318 697 508 761 legeetcrimine.
525 696 693 755 Quianullsin
701 694 787 755 judicio

124 757 213 815 seditio,
225 775 299 823 neque
309 762 351 820 vis,
362 776 436 824 neque
444 763 512 809 turba
520 768 654 817 versatsest,
664 760 740 822 primi
750 775 788 807 ao·

125 820 188 869 tione
197 822 305 872 facillitne
316 834 349 873 est
358 825 482 874 absolutus.
506 826 561 872 Non
571 838 668 870 numero
675 822 736 871 hane
747 826 788 871 ab·

124 885 260 935 solutionem
271 906 277 934 :
295 889 450 937 nihilominus
459 889 521 936 enim
530 888 718 951 potest-<utillum
726 888 788 934 mul·

124 956 175 996 tam
186 964 232 998 non
246 953 393 1012 commiserit)
403 952 513 1016 :coepisse
526 962 612 1010 nmen,
627 953 658 998 ob
667 966 716 998 rem
725 952 788 1012 judi-

125 1014 232 1074 candam,
252 1014 393 1079 [pecuniam‚
427 1032 482 1064 uam
496 1016 611 1073 selenus,
627 1014 669 1079 qui
682 1016 788 1125 oausam}

125 1090 242 1141 nusquam
253 1080 332 1127 eidem
346 1082 396 1144 lege
427 1082 433 1091 '
451 1081 476 1127 ἰ.
500 1079 624 1144 Proprium
633 1078 719 1126 crimen
729 1078 772 1126 illu

124 1142 256 1204 questionis
266 1145 315 1204 ejus
325 1158 371 1192 nen
385 1145 437 1192 fuit

160 1204 318 1255 Fidiculanius
336 1209 392 1271 quid
405 1208 484 1257 iecisse
497 1208 633 1257 dioebsmr?
650 1207 760 1272 aoespisse
773 1223 789 1256 a

127 1266 236 1317 museo
247 1270 290 1319 HS
301 1271 391 1320 CCCC.
415 1272 488 1333 Cujus
498 1282 546 1320 erat
555 1273 658 1324 ordinis?
675 1272 788 1321 senatorii.

127 1332 633 1399 Qudlegeineogenereasenatoreratio
710 1336 789 1383 'solet

127 1396 158 1444 de
165 1399 268 1463 pecuniis
278 1401 416 1463 repetundis,
433 1398 460 1449 ed
473 1401 523 1463 lege
538 1410 665 1460 aecusatus,
696 1400 790 1448 onestis-

128 1461 187 1509 sime
194 1460 230 1513 *eet
239 1464 362 1512 absolutus.
379 1466 441 1513 Acta
451 1474 485 1513 est
495 1464 555 1512 enim
567 1480 635 1512 eausa
644 1479 708 1511 more
717 1465 791 1524 majo,

127 1539 190 1582 rum,
202 1526 250 1574 sine
263 1528 295 1589 vi,
307 1528 354 1577 sine
364 1538 436 1588 metu,
449 1530 497 1576 sine
506 1528 623 1591 periculo:
640 1528 739 1588 dicta,et
749 1542 790 1574 ex·

126 1590 208 1651 posita,
220 1599 243 1641 et
252 1592 405 1641 demonstrata
415 1602 469 1641 sunt
482 1593 566 1651 omnia,
589 1592 691 1639 Addocti
702 1590 791 1651 judiees

127 1662 190 1713 sunt,
208 1670 254 1703 non
270 1656 340 1705 modo
356 1657 455 1721 potuisse
473 1658 566 1704 honeste
580 1658 609 1703 ab
624 1672 651 1703 eo
660 1671 726 1703 reum
736 1670 791 1703 oon·

128 1716 240 1776 demoti,
251 1720 349 1784 quinon
361 1730 470 1785 perpetuo
481 1720 588 1775 sedisset:
605 1719 652 1778 sed,
664 1720 683 1767 si
693 1720 757 1768 aliud
770 1720 791 1768 is

125 1781 200 1841 judex
210 1783 268 1831 nihil
278 1786 364 1845 scisset,
375 1785 426 1846 nisi,
442 1801 495 1848 quta
506 1781 638 1847 praejudiuin
648 1784 677 1832 de
691 1800 718 1832 eo
731 1784 792 1832 faeta

129 1860 178 1893 esse
187 1857 322 1909 constarent,
334 1849 412 1896 audire
422 1857 530 1912 praterea
539 1847 596 1895 nihil
607 1848 718 1896 debuisse
787 1857 793 1906 J

162 1909 314 1960 XXXVIII.
331 1913 395 1961 Tum
404 1914 473 1960 etiam
483 1912 518 1959 illi
523 1913 634 1976 quinque,
643 1914 692 1976 qui,
699 1913 793 1977 imperi.

129 1981 206 2022 tomm
224 1975 344 2024 hominum
362 1976 505 2023 rumusculos
522 1978 638 2039 aucupati,
656 1987 707 2025 tum
723 1978 792 2026 illum

128 2038 282 2098 absolverunt,
295 2042 345 2102 jam
360 2056 424 2089 suam
436 2040 579 2088 clementiam
593 2040 683 2088 laudari
695 2056 792 2106 magno-

130 2118 185 2167 pere
195 2104 318 2151 nolebant:
336 2104 441 2167 aquibus
452 2104 520 2167 siqui
528 2114 645 2168 quaereret,
654 2106 792 2154 sedissenme

127 2166 217 2227 judiees
227 2168 252 2215 in
263 2168 290 2216 0.
302 2168 449 2224 Fabricium
466 2168 548 2216 sedisse
558 2184 581 2217 se
592 2168 698 2216 dicerem·
721 2171 747 2218 Si
756 2170 793 2221 in·

129 2239 305 2294 tenogarentuq
322 2247 380 2279 num
393 2247 439 2295 quo
455 2232 550 2280 erinnine
562 2232 582 2279 is
594 2242 652 2280 esset
666 2244 792 2293 aecusatus,

129 2304 282 2359 preterquam
293 2296 374 2343 veneni
390 2297 447 2356 ejus,
482 2296 528 2343 uod
538 2296 660 2359 quesitum
674 2297 747 2345 Avito
757 2297 793 2344 di·

129 2368 226 2417 seretur,
237 2368 360 2423 negarent:
377 2359 397 2407 si
407 2312 488 2407 deindqe
498 2360 658 2422 essentrogad,
666 2360 722 2424 quid
730 2359 794 2424 judi-

129 2423 234 2480 cuent:
251 2424 413 2471 rondemnisse
424 2438 447 2470 se
460 2423 575 2471 dicerem:
592 2438 660 2471 nemo
674 2424 737 2471 enim
752 2425 793 2471 ab·

129 2487 205 2534 solvit.
229 2486 320 2543 Eodem
329 2488 399 2536 modo
425 2488 532 2535 desitum
543 2485 562 2533 si
574 2496 632 2535 esset
645 2487 675 2534 de
684 2488 794 2536 Samen·
808 2501 813 2513 ¹

130 2550 438 2615 dro‚certeidemrespon'
490 2558 515 2597 t:
533 2549 623 2597 tametsi
636 2550 794 2621 illeuniasen·
