1850 2909
143 84 190 132 lte
229 83 299 134 PRO
315 83 408 134 moa
425 84 593 135 MANILIA.
609 83 674 132 Gar.
687 83 725 130 15.

140 211 203 259 enim
220 210 288 260 illum
305 213 391 262 eximia
409 213 444 261 vis
458 213 584 277 remigum,
599 219 640 260 aut
656 228 693 260 ars
708 209 815 259 inaudita

141 289 254 388 iffi
261 277 701 406 immittit
707 284 766 387 ἔξω
776 290 816 386 ἓξ

143 413 235 453 ceteros
245 407 355 454 remorari
369 406 450 463 solent,
464 421 512 454 non
522 374 682 453 retardiruntr
700 373 752 452 nod
759 355 815 450 dra·

141 468 195 516 ritia
202 471 232 518 ab
239 469 344 518 instituto
351 485 418 518 oursu
426 470 455 518 ad
463 470 567 534 predam
575 471 678 533 aliquam
686 467 814 525 devocavit,

143 547 190 580 non
201 533 274 582 libido
284 534 314 582 od
324 534 475 597 voluptatem,
485 549 533 582 non
544 536 663 582 mnoenitas
673 533 704 582 ad
713 532 815 580 delecta·

140 597 238 658 tionem,
249 611 296 645 non
307 598 414 646 nobilitas
424 600 489 646 urbis
499 599 529 646 ad
540 599 702 662 oognitionem,
714 611 761 644 non
772 596 814 642 de·

142 675 168 708 m
185 677 214 709 ue
224 663 289 710 labor
299 662 383 726 ipsead
393 663 511 726 quietem
528 663 734 726 postremasigna,
747 669 815 709 etta-

140 678 217 786 ndu,
233 735 360 790 caeteraque
373 737 508 776 ornamenta
518 725 653 775 (lraioorum
663 725 813 790 oppidorum,

139 804 193 852 qua
203 791 278 838 ceteri
294 791 395 838 tollenda
410 806 458 839 esse
478 791 626 850 arbitrantur,
637 807 665 838 ea
679 790 723 838 sibi
733 789 775 838 ille
785 803 816 837 ne

139 853 234 903 visenda
261 854 338 902 uidem
354 855 500 904 existimavit
523 856 607 920 Itaque
621 869 701 903 omnes
715 853 814 917 quidem

139 932 203 966 nune
213 871 285 967 iulis
294 919 350 967 locis
361 920 405 968 Gn.
417 920 566 984 Pompeium,
582 919 642 967 sinit
652 919 755 982 aliquem
765 931 815 965 non

140 997 170 1030 ex
177 982 286 1032 hacurbe
291 983 398 1042 missum,
404 983 813 1047 seddeooelodelapsminnrenturt

139 1060 204 1095 nunc
213 1047 313 1111 denique
322 1047 436 1111 incipiunt
445 1049 544 1106 medere,
557 1048 628 1096 fuisse
641 1047 747 1094 hominos
762 1047 814 1093 Ro-

139 1125 221 1158 manos
231 1112 275 1160 hac
283 1112 401 1174 quondam
409 1112 563 1169 abstinentil3
579 1111 643 1176 quod
651 1113 701 1172 jam
712 1109 815 1159 nationi·

139 1175 184 1222 bus
195 1176 278 1223 exteris
295 1175 436 1236 incredibile,
450 1193 478 1225 ao
487 1176 545 1224 falso
555 1176 673 1224 memoria)
699 1175 813 1234 rodinum,

140 1237 269 1286 videbatur.
286 1239 357 1288 Nune
370 1240 461 1304 imperii
474 1240 543 1289 vestri
557 1241 664 1304 splendor
678 1192 724 1287 illia
736 1238 816 1303 genti-

139 1303 184 1350 bus
194 1303 270 1350 lucet:
288 1318 351 1352 nunc
360 1304 503 1367 intelligunt,
514 1320 562 1352 non
572 1305 621 1352 sine
635 1304 704 1352 oausi
714 1305 815 1365 majores

141 1381 195 1414 euos
206 1378 266 1426 turn,
280 1383 334 1415 cum
344 1369 388 1416 lrao
398 1369 550 1432 temperantia
557 1371 705 1432 magistrams
712 1368 816 1415 habeba·

139 1431 298 1544 nlpudspservire
308 1433 395 1497 populo
408 1433 525 1494 Romano,
543 1449 615 1499 quam
627 1433 740 1497 imperare
751 1431 813 1493 alia,

191 1511 258 1544 ursae.

172 1561 229 1608 Jam
241 1577 294 1609 vero
303 1561 337 1609 ita
347 1561 424 1610 lanies
431 1562 507 1610 aditus
513 1562 543 1609 ad
553 1579 608 1611 eum
618 1563 770 1626 privatorum,
780 1560 814 1610 ita

138 1623 218 1673 liberae
229 1627 378 1689 querimoniae
384 1626 414 1674 de
420 1627 520 1674 aliorum
526 1627 624 1688 injuriis,
633 1643 681 1674 esse
688 1628 812 1681 dieunturt

137 1689 204 1747 ntis,
217 1690 258 1753 qui
269 1691 380 1753 dignitate
391 1690 533 1754 principibus
543 1691 642 1750 excellit,
649 1691 758 1738 facilitate
768 1705 813 1752 par

139 1751 227 1800 infimis
237 1769 285 1802 esse
295 1755 406 1802 videatur.
422 1754 489 1811 Jam,
500 1763 614 1818 quantum
623 1755 726 1813 oonsilio,
738 1769 815 1818 quan·

139 1824 192 1863 tum
198 1817 288 1865 dicenffi
299 1819 409 1881 graneo
420 1828 444 1867 et
454 1819 520 1882 oopii
531 1820 614 1878 valeat,
623 1819 712 1881 (inquo
720 1819 770 1881 ipso
776 1818 815 1864 in-

139 1889 174 1926 est
184 1881 291 1944 quadam
303 1883 402 1945 dignitas
416 1882 573 1946 imperatoria)
585 1899 631 1938 vos.
644 1883 757 1942 Quirites,
768 1882 814 1930 hoc

136 1943 188 2006 ipso
204 1945 229 1992 in
248 1946 298 1993 loco
315 1963 376 2010 saepe
393 1948 514 2010 cognostis.
533 1947 617 1995 Fidem
628 1963 681 1995 vero
692 1947 742 2010 ejus
750 1948 814 1993 inter

138 2007 210 2056 socios
223 2019 335 2074 quantam
346 2011 472 2059 existimari
484 2012 579 2075 putatis,
591 2027 663 2076 quam
672 2011 750 2060 hostes
761 2025 815 2058 om·

138 2071 205 2120 nium
212 2074 317 2135 gentium
325 2076 642 2138 sanctissimamjudioirint?
658 2076 816 2124 Humanitate

135 2136 186 2196 Jam
198 2139 263 2186 tanti
273 2148 316 2197 eet,
328 2149 355 2188 ut
364 2140 456 2188 difficile
468 2141 531 2189 dictu
542 2141 581 2199 sit,
588 2150 668 2188 utrum
676 2140 752 2188 hostes
762 2155 816 2187 ma-

136 2199 172 2262 g³s
182 2201 289 2251 virtutem
301 2206 351 2266 ejus
359 2213 489 2268 pugnantes
500 2205 628 2262 timuerint,
640 2219 669 2252 an
679 2213 816 2252 mansuetu·

136 2263 215 2312 dinem
226 2267 280 2315 victi
291 2268 419 2316 dilexerint.
436 2269 470 2316 Et
484 2269 607 2332 quisquam
618 2269 743 2328 dubitabit,
753 2269 814 2333 quin

135 2327 190 2376 huit
198 2337 293 2379 tantum
303 2333 391 2380 bellurn
402 2333 606 2380 nansmittendum
615 2333 653 2389 sit,
662 2333 713 2397 qui,
721 2333 751 2379 ad
759 2348 815 2380 om·

135 2391 175 2440 nia
183 2404 267 2442 nostrie
273 2396 391 2444 memoriae
399 2397 460 2442 bella
467 2397 614 2455 oonficienda,
622 2397 701 2444 divino
709 2397 814 2460 quodam

135 2457 231 2505 oonsilio
242 2467 310 2506 natus
321 2473 369 2506 esse
378 2459 507 2508 rideatur?

169 2519 226 2568 XV.
239 2521 280 2580 Et,
290 2522 529 2586 quoniamauctnritas
534 2524 637 2571 multum
646 2524 671 2571 in
678 2525 747 2572 bellis
770 2541 815 2573 uo·

136 2595 183 2643 que
204 2584 391 2634 administrandis
409 2594 481 2650 atque
501 2586 598 2651 imperio
617 2588 713 2636 militari
734 2605 749 2638 v
805 2607 814 2646 ς
