1850 2909
145 67 191 116 136
240 66 308 117 PRO
325 65 416 116 undu
433 65 599 117 MANILIA.
611 65 675 116 Gar.
686 67 725 114 4.»

142 203 177 242 ter
183 203 273 242 emeres
283 205 370 258 gentes,
382 205 450 260 atque
460 196 523 244 avidi
531 195 607 248 laudis
616 195 699 255 fuistis,
711 193 810 242 delenda
822 203 825 208 ·

142 259 207 306 vobis
225 267 259 306 est
276 259 317 306 illa
330 261 429 320 macida,
441 260 601 308 Mithridatico
615 260 677 307 bello
692 258 810 322 superiore

143 330 263 396 susceptat
280 337 333 386 que
343 325 434 398 penitus
442 326 493 398 jam
503 321 587 372 insedit
594 331 665 398 atque
675 322 816 398 'inueterauit'

142 386 812 513 311333331ᾓ33333ζ13331333ᾜῗ13

143 513 262 561 literarum
285 514 456 576 signifimtione,
479 517 538 564 eires
559 515 678 562 Romanos
697 513 813 575 notandos

144 578 335 641 trucidandosque
346 579 470 638 denotarit,
481 594 528 627 non
543 579 613 626 modo
627 578 704 626 adhuc
719 592 812 640 poenam

145 642 242 700 nullam,
262 657 303 689 suo
320 641 414 704 dignam
431 644 522 703 scalere,
542 642 648 705 susoepit,
666 642 706 689 md
722 644 752 689 ab
770 641 813 688 illo

145 709 249 766 tempore
257 719 344 754 annum
358 708 408 767 jam
418 707 513 755 tertium
528 715 551 754 et
564 706 698 754 vicesimum
714 714 811 768 regnatt

145 768 210 816 etita
223 777 311 831 regnat,
323 778 350 816 ut
364 785 387 818 se
401 786 448 818 non
463 770 548 830 Ponto,
567 785 643 834 neque
661 768 815 832 Cappadocia

145 832 245 889 latebris,
256 833 368 882 occultare
378 834 441 893 velit,
453 834 493 882 sed
500 849 615 896 emergere
624 849 638 880 e
647 835 722 896 patrio
731 847 813 894 regno,

146 897 247 1006 3311111
258 897 567 1010 enituntur
576 897 813 1023 utun

146 1023 267 1071 tenderunt
280 1025 436 1088 imperatores,
446 1034 475 1073 ut
484 1027 513 1074 ab
529 1026 571 1072 illo
586 1025 686 1087 insignia
702 1024 813 1082 victorie,

147 1102 192 1134 non
207 1088 333 1147 victoriam,
344 1097 492 1152 reportarent.
516 1089 681 1152 Triumphauit
691 1089 721 1135 Ia.
736 1088 814 1146 Sulla,

146 1151 298 1213 triumphavit
308 1153 337 1199 Ia.
350 1153 451 1200 Murena
461 1153 491 1200 de
498 1152 644 1212 Mithridate,
656 1152 702 1199 duo
719 1151 816 1198 fortissi-

147 1214 181 1260 mi
197 1215 249 1272 viri,
261 1222 283 1262 et
297 1217 383 1264 summi
398 1217 563 1280 imperatoreos
581 1217 621 1263 sed
637 1217 670 1264 ita
685 1215 817 1278 triumphd-

147 1284 210 1336 runt,
222 1287 249 1325 ut
263 1278 303 1325 ille
312 1281 393 1341 pulsus
409 1289 575 1344 superatoque
584 1288 695 1343 regnaret
712 1279 816 1328 Verum-

148 1349 225 1388 tamen
239 1341 293 1390 illis
303 1343 477 1406 inperatoribus
489 1345 541 1392 laus
559 1353 593 1391 est
606 1343 736 1401 mouenda,
751 1343 817 1404 quod

148 1412 259 1467 egerunt3
276 1407 342 1455 venia
352 1407 436 1467 danda,
448 1409 512 1472 quod
521 1408 678 1470 reliquerimt3
695 1415 817 1469 propterea
874 1457 878 1462 .

148 1468 212 1531 quod
222 1471 251 1517 ab
261 1485 289 1518 eo
298 1471 359 1519 bello
368 1471 458 1520 Srdlam
466 1473 491 1520 in
503 1471 597 1519 Italiam
607 1471 743 1534 respublioa,
757 1470 817 1517 Mu-

148 1546 229 1580 renam
239 1533 313 1593 sula,
325 1535 444 1584 revocavit.

182 1596 228 1644 IV.
246 1597 393 1647 Mithridates
411 1608 491 1648 autem
504 1615 573 1648 omne
589 1600 631 1647 reli
647 1614 705 1647 uum
715 1606 817 1661 tempus,

149 1675 196 1708 non
207 1661 237 1708 ad
251 1662 389 1710 oblivionem
400 1664 481 1711 veteris
490 1664 555 1722 belli,
566 1664 607 1711 sed
668 1662 820 1726 eomputatio-

149 1739 203 1771 nem
215 1725 277 1784 novi,
289 1727 400 1774 oontulitz
418 1726 459 1790 qui
471 1729 620 1790 posteaquam
633 1728 747 1774 maximas
764 1725 821 1772 sadi-

150 1787 238 1835 fiedsset
256 1789 402 1853 omdssetque
420 1792 517 1847 elasam
540 1791 697 1854 exercitiaque
715 1804 823 1853 pennag-

150 1867 201 1911 nos,
210 1851 396 1916 quibuscumque
406 1869 435 1901 ex
445 1856 553 1918 gentibus
562 1856 680 1918 potuimet,
691 1854 823 1917 ‹rumperis-

151 1922 193 1973 set,
205 1924 228 1962 et
240 1931 267 1962 se
281 1916 428 1980 Bosporanis,
444 1918 549 1966 finitimis
563 1918 619 1978 suu,
635 1919 724 1966 bellum
738 1917 824 1965 inferre

152 1978 297 2034 simuldssett
314 1997 387 2044 usque
405 1981 430 2029 in
446 1982 587 2045 Hispaniam
601 1983 688 2045 legatos
698 1981 824 2029 Ecbatanis

152 2042 215 2089 misit
226 2042 256 2089 ad
271 2058 308 2091 eos
319 2045 395 2104 duces,
407 2046 546 2109 quibuscum
558 2054 611 2093 tum
624 2045 713 2094 bellum
727 2047 823 2108 gereba-

153 2120 221 2153 mus:
239 2114 274 2181 ut,
286 2123 340 2156 oum
351 2109 442 2158 duobus
454 2109 479 2156 in
490 2110 545 2158 lou's
555 2109 738 2170 disjunctissimia
748 2109 824 2156 maxi-

153 2171 562 2301 31333333131333333333
571 2173 826 2301 &dimidii

154 2297 216 2346 tione
223 2297 327 2360 districti,
339 2301 368 2348 de
378 2301 476 2365 imperio
485 2301 630 2350 dimicaretis.

187 2362 234 2408 Sed
241 2371 318 2410 tamen
326 2364 418 2412 alterius
426 2364 497 2428 partis
503 2366 640 2428 periodum,
646 2365 826 2413 Sertorianaeat-

155 2439 201 2486 que
213 2425 381 2489 Hispaniensis,
390 2443 443 2492 quae
453 2429 528 2476 multo
538 2430 591 2491 plus
598 2429 738 2476 firmamenti
749 2444 776 2476 ao
788 2445 827 2477 ro·

156 2487 218 2534 boris
227 2489 335 2550 habebat,
347 2490 391 2538 Gn.
404 2491 511 2554 Pompeii
521 2491 600 2540 divino
610 2492 737 2540 consilioue
745 2493 828 2555 'singu-

157 2551 202 2598 lari
212 2551 296 2602 virtute
306 2554 429 2616 deprdtum
442 2564 492 2603 ests
509 2555 535 2603 in
553 2555 624 2605 alteri
638 2559 703 2619 parte'
716 2556 749 2603 itu
765 2571 802 2604 res
816 2572 831 2604 a
