1850 2909
154 52 202 98 ²22
282 48 351 97 PRO
368 43 555 95 cnunnulo.
571 43 636 91 Gne.
647 44 686 98 57.

156 177 263 239 mitigare
276 175 405 223 molestiam
418 183 510 239 posset:
533 173 606 230 loeus,
620 170 753 231 auctoritas,
768 172 843 221 domi

158 240 273 305 splendor,
287 240 349 303 opud
359 248 447 287 exteras
454 238 558 286 notiones
564 251 649 283 nomen
656 243 679 282 et
685 237 771 299 gretia,
781 245 844 300 toga

159 312 278 369 praetexta,
294 304 452 362 sello'oumlie,
467 301 600 364 [insignis]
615 299 696 358 fusses,
707 302 840 361 exercitius,

159 370 264 433 imperio,
275 369 411 432 provinoiae:
429 367 514 431 quibus
527 366 552 411 in
566 366 635 411 rebus
645 379 700 411 cum
711 375 841 412 summum

160 442 220 482 reete
230 434 296 481 luctis
306 434 403 494 majores
413 431 486 479 nostri
494 429 626 493 premium,
638 436 690 475 tum
700 430 771 491 plura
782 446 841 493 peo-

161 498 216 547 eotis
227 498 327 561 pericula
339 496 454 560 proposita
469 511 516 543 eme
526 493 655 542 voluerunt.
677 492 718 539 llli
732 508 783 542 non
793 494 841 541 hoe

161 563 304 619 recusabant,
316 561 378 608 edne
385 561 436 625 lege
444 566 613 616 acellsarentur,
622 556 669 620 qud
679 558 841 605 nunoAvitus
853 600 856 606 .

163 634 289 684 accusatur,
298 642 350 689 quae
360 634 415 673 tuuc
426 633 474 672 erat
482 621 625 685 Sempronia,
632 636 695 668 nunc
706 630 741 669 ert
748 622 842 669 Gorne-

162 690 209 738 lis:
226 690 383 751 intelligebant
394 689 464 747 enim,
480 688 508 735 ei
521 687 572 747 lege
586 693 715 748 equestrem
729 686 840 733 ordinem

163 750 839 814 nonoenerizsednenovtlegeuligarentunlaborabms
909 803 910 806 Ἴ

163 819 249 866 Avitus
259 832 289 865 ne
298 818 342 865 hoe
353 817 447 880 quidem
458 830 563 879 unquam
577 814 697 874 recusavit,
709 816 841 877 quominus

163 882 201 930 vel
211 882 239 930 eb
249 883 299 945 lege
309 882 420 929 rationem
426 881 480 928 vitae
487 896 535 928 suae
542 878 653 936 redderet,
662 877 709 941 qud
716 893 766 925 non
773 887 841 927 tene·

164 955 234 994 retur.
252 945 409 1005 Quaesiuobis
417 943 604 1006 mnditioplaeet,
611 956 691 990 onmes
698 942 723 989 id
729 958 839 1006 agamur,

164 1020 192 1121 ut
201 1011 251 1058 haec
261 1026 332 1074 quem
342 1010 444 1075 primum
454 1009 480 1057 in
490 1022 570 1056 omnes
580 1006 670 1055 ordines
678 1007 775 1071 questio
785 1024 841 1071 per·

175 1084 259 1122 eretur.

198 1138 280 1213 LVII.
304 1138 395 1186 lnteree
410 1136 505 1201 quidem
522 1138 573 1199 (per
588 1137 649 1211 Deos
663 1136 808 1209 immortales
819 1136 838 1196 l)

164 1200 838 1330 blfflrtllillllffitlffinfllnllltffi

165 1329 287 1378 cedamus:
305 1330 374 1378 simul
386 1340 416 1391 et,
425 1330 485 1377 illud
493 1344 564 1393 quum
572 1330 602 1378 sit
612 1328 744 1391 indignum,
752 1328 837 1391 rogite-

132 1410 134 1417 ’
165 1410 227 1454 mus,
238 1394 352 1457 populum
363 1394 498 1442 Romanum
513 1392 577 1441 atiud
592 1408 654 1442 nunc
670 1408 755 1454 ageret
772 1392 839 1440 vobis

165 1458 331 1521 rempublicam
349 1467 372 1505 et
389 1458 492 1506 fortunas
511 1473 564 1504 suns
581 1456 736 1514 commisisse3
758 1457 836 1520 ipsum

166 1522 215 1571 sine
225 1524 281 1571 curt
291 1539 353 1580 esset
371 1538 417 1570 non
427 1532 538 1580 metuere,
546 1536 584 1583 ne,
593 1524 603 1570 l
655 1518 682 1569 ed
692 1536 764 1584 quem
775 1536 837 1569 nun-

166 1602 237 1652 quam
247 1588 296 1651 ipse
301 1586 402 1649 jusserit,
414 1595 437 1634 et
447 1586 572 1650 questione
581 1604 628 1651 qua
634 1602 658 1634 se
665 1586 768 1633 solutum
778 1585 836 1634 libe-

146 1665 149 1671 ’
166 1668 265 1717 rumque
273 1667 320 1699 esse
329 1651 458 1709 arbitretur,
470 1666 511 1714 per
521 1666 605 1713 paucos
614 1649 837 1713 judicestdstringr-

165 1724 211 1764 tur.
225 1716 285 1779 Agit
291 1715 352 1763 enim
357 1715 486 1763 siccensem
492 1715 522 1761 Τ.
528 1716 619 1774 Attius,
625 1715 754 1762 rdolesoens
761 1716 838 1763 bonus

166 1788 189 1827 et
199 1779 310 1827 disertusr
328 1794 407 1828 omnes
417 1778 476 1827 cives
482 1779 572 1841 legibus
579 1780 651 1827 teneri
661 1778 783 1827 omnibus:
797 1794 836 1828 vos

166 1843 290 1902 attenditis,
302 1854 325 1891 et
335 1842 419 1890 auditis
429 1842 527 1902 silentio,
539 1842 598 1892 siout
608 1844 682 1891 facere
692 1842 785 1890 debetis.
801 1844 835 1891 A.

166 1907 296 1964 Cluentius,
315 1922 383 1969 eques
402 1907 532 1966 Romanus,
551 1923 644 1955 oausam
660 1906 715 1954 dicit
733 1907 760 1954 eb
774 1909 832 1971 lege,

165 1971 213 2034 quit
223 1971 274 2033 lege
285 1980 405 2029 senatores,
418 1979 440 2018 et
450 1971 468 2017 ii
475 1971 517 2036 qui
524 1972 684 2035 magistratum
693 1970 832 2039 babuerunt,

166 2034 209 2083 soli
219 2042 339 2082 tenentur:
356 2034 423 2095 mihi,
434 2050 476 2099 per
486 2050 549 2092 eum,
560 2052 671 2095 recusare,
679 2034 733 2083 etin
742 2038 831 2085 oroele-¹

165 2098 200 2163 gis
214 2098 319 2163 praesidio
330 2098 466 2147 constimere
480 2100 616 2148 delmsionis
630 2115 697 2158 meoe,
712 2114 758 2146 non
772 2101 830 2149 lieet.

166 2164 191 2213 Si
201 2163 325 2212 obtinuerit
335 2178 428 2211 causam
439 2163 569 2223 Cluentius,
581 2164 666 2224 (sicuti,
678 2164 753 2212 vestri
762 2165 831 2228 aequi-

165 2236 212 2277 tate
228 2227 285 2287 nixi,
300 2227 446 2287 confidimus)
460 2228 632 2288 existimabunt,
651 2228 693 2287 (id,
707 2228 770 2290 quod
780 2230 830 2289 erit)

165 2291 290 2340 obtinuisse
303 2290 396 2355 propter
411 2292 573 2352 innooentiom,
585 2292 696 2356 quoniam
709 2292 741 2340 ite
755 2292 830 2341 desen·

165 2372 203 2405 sus
215 2357 258 2412 sit;
272 2356 296 2403 in
307 2357 357 2420 lege
364 2364 450 2416 eutem,
458 2372 530 2420 quam
540 2357 652 2421 attingere
661 2356 830 2421 noluerinprae-

156 2420 217 2467 ‘sidit
227 2420 285 2467 nihil
295 2420 371 2468 fuisse.

197 2484 245 2532 ch
260 2499 321 2532 nunc
332 2493 366 2532 est
378 2485 499 2548 quiddam,
511 2486 574 2548 quod
584 2484 615 2533 sd
624 2500 663 2533 me
672 2484 791 2548 pertineat,
802 2486 830 2535 do

162 2562 210 2609 quo
226 2556 279 2597 ante
294 2547 353 2611 dixi,
370 2550 433 2612 quod
447 2564 490 2612 ego
503 2550 591 2615 populo
606 2550 714 2598 Romano
725 2560 827 2613 prestus
