1850 2909
154 41 202 91 294
233 38 289 91 ,DE
301 38 392 88 LEGE
403 37 566 87 AGRARIA
577 35 627 86 111.
638 35 703 86 Gar.
713 38 737 85 2.

154 182 239 217 aarum
255 166 435 231 assignationum
445 166 622 229 possessoribus,
633 166 728 229 agrariae
741 165 796 229 legi
806 172 835 215 et

156 232 282 280 commodis
292 230 371 279 vestris
385 230 500 279 obsistere.
518 231 577 278 Haeo
587 231 608 277 si
618 230 660 294 qui
669 229 833 289 erediderunt,

156 296 215 343 illud
226 295 290 359 prius
306 294 441 343 crediderint
457 310 549 342 neeesse
559 302 601 352 est,
612 294 656 341 bac
665 294 716 357 lege
726 293 833 355 agrarii,

158 360 413 486 tmfblbtqtt
424 358 501 471 llil
508 359 834 485 {mma}

152 498 185 536 ut
196 488 220 535 in
231 504 269 535 eas
281 503 320 535 vos
330 488 482 535 deducamini.
500 487 525 534 Si
536 487 638 546 ostendo,
646 501 693 533 nou
703 487 778 534 modo
784 502 834 535 non

160 552 232 599 adimi
249 552 356 614 cuiquam
367 552 458 615 glebam
471 551 613 603 desallanis
626 550 695 613 agris,
707 551 748 597 sed
759 552 835 599 etiam

160 632 233 679 genus
248 616 273 663 id
284 630 390 677 agrorum
404 623 464 662 oerto
475 614 548 677 capite
558 613 615 677 logis
628 614 835 677 impudentissime

161 679 290 727 confirmari
303 688 372 743 atque
389 678 485 736 sanciri3
503 680 522 726 si
538 678 616 734 dooeo,
630 679 690 740 agris
704 678 750 738 bis,
764 681 810 743 qui
819 696 835 727 a

161 744 228 791 Sulla
238 753 291 791 sunt
301 742 357 802 dati,
369 743 401 790 sic
415 743 534 805 diligenter
546 743 645 789 Rullum
660 743 766 805 sublege
777 759 835 791 oon-

161 808 243 866 sulem,
254 816 282 855 ut
292 807 357 856 facile
370 816 487 870 appareat,
501 822 553 854 eam
562 808 647 869 legem,
660 822 707 853 nou
719 824 734 854 a
745 818 835 856 vestro·

161 887 215 919 rum
233 872 405 919 commodorum
422 872 527 933 patrono,
545 870 584 917 sod
603 886 617 929 a
635 871 716 933 Valgii
737 887 834 933 genero,

162 952 210 985 asse
228 936 394 998 conscriptam
415 934 546 997 numquid
563 942 597 981 est
614 950 696 993 oausae,
716 935 833 995 Quirites,

162 1000 219 1065 quin
230 1000 271 1047 illa
281 998 445 1057 criminatione,
453 998 501 1062 qud
510 999 534 1045 iu
545 1014 583 1045 me
593 1000 709 1045 absentem
720 1014 779 1047 usus
789 1010 833 1059 est,

162 1080 209 1112 non
227 1065 301 1112 solum
320 1078 405 1120 meam,
423 1063 462 1110 sed
479 1062 549 1110 etiam
566 1071 672 1123 vestram,
686 1062 833 1126 diligentiam

163 1128 355 1193 prudentiamque
362 1126 508 1189 despexerit?

197 1192 232 1239 ll.
250 1192 328 1255 Caput
346 1199 379 1238 est
395 1191 452 1253 legis
470 1191 527 1249 XL,
544 1191 574 1238 de
591 1206 638 1253 quo
656 1206 699 1253 ego
714 1192 830 1253 oonsulto,

164 1256 275 1316 Quirites,
287 1271 361 1318 neque
373 1255 440 1318 apud
457 1271 498 1303 vos
515 1264 568 1302 aute
583 1255 626 1302 feci
640 1255 793 1315 mentionem,
804 1272 832 1305 ue

164 1328 206 1369 aut
221 1319 325 1367 refricare
346 1320 469 1365 obductam
486 1320 535 1379 jam
556 1319 687 1382 reipublieae
704 1319 832 1370 sisetrioem

164 1384 261 1441 viderer,
273 1391 313 1431 aut
323 1382 419 1446 aliquid,
431 1383 570 1430 alienissimo
586 1393 776 1446 temporaneum
786 1386 832 1432 dis-

165 1448 275 1504 sensionis
292 1462 439 1495 commovere.
458 1447 542 1510 Neque
552 1463 605 1495 vero
618 1462 681 1494 nuno
690 1448 743 1495 ideo
753 1449 832 1513 dispu-

165 1517 228 1572 tabo,
239 1512 302 1576 quod
315 1512 378 1559 hunc
390 1520 476 1558 statum
489 1512 619 1574 reipublicae
632 1525 679 1558 non
693 1527 832 1576 magnopere

165 1577 335 1627 defendendum
351 1584 446 1639 putem;
470 1575 605 1685 prasertim,
623 1575 665 1638 qui
678 1576 719 1622 otii
737 1584 760 1623 et
777 1593 830 1625 uou-

166 1642 248 1691 oordiae
258 1650 380 1704 patronum
388 1654 425 1687 me
435 1640 459 1686 in
487 1654 533 1686 uns
543 1654 630 1686 annum
638 1638 770 1702 reipublioae
780 1657 832 1706 pro·

165 1707 238 1758 fessus
255 1706 314 1761 sim3
335 1704 373 1753 sed
387 1711 414 1750 ut
431 1703 524 1751 doceam
540 1703 639 1750 Rullum
653 1704 748 1772 posthac
760 1705 785 1751 in
796 1706 831 1753 his

167 1773 248 1819 saltem
258 1777 331 1815 tacere
341 1770 418 1828 rebus,
429 1768 454 1813 in
467 1766 551 1830 quibus
561 1768 591 1815 de
601 1783 625 1815 se
637 1778 660 1815 et
670 1767 699 1818 de
710 1768 757 1815 suis
767 1768 831 1817 fastis

73 1870 77 1885 ,
167 1834 236 1885 taceri
247 1832 308 1880 velit.

200 1895 314 1945 Omnium
330 1896 410 1957 legum
426 1894 595 1958 iniquissimam
611 1896 831 1961 dissimillimamque

166 1961 225 2023 legis
236 1974 283 2006 esse
296 1959 392 2006 arbitror
407 1974 468 2017 enm,
479 1975 549 2023 quam
562 1960 590 2007 b.
603 1960 707 2019 Flaccus,
722 1960 829 2021 interrex,
910 2007 911 2012 ,

167 2024 197 2072 de'
208 2022 273 2072 Sulla
284 2023 346 2081 tulit,
364 2024 381 2050 “
389 2031 416 2069 ut
425 2023 512 2082 omnia,
524 2039 675 2087 quaecumque
685 2024 724 2071 ille
734 2025 829 2086 fecisset,

168 2096 242 2137 essent
259 2086 333 2133 rata‘'
350 2086 423 2145 Nam,
435 2102 497 2146 cum,
513 2088 598 2134 steteris
610 2088 634 2134 in
646 2087 782 2147 deitatibus,
796 2098 831 2153 ty-

168 2152 246 2201 renuis
264 2150 382 2209 institutis,
402 2152 463 2213 leges
481 2166 560 2198 omnes
576 2152 750 2214 exstinguantur
764 2161 831 2216 atque

168 2217 287 2274 tollantur,
305 2214 342 2261 hic
359 2214 490 2278 reipublicae
506 2226 630 2277 tyrannum
645 2216 696 2278 lege
709 2216 830 2265 constituit.

168 2282 213 2330 Est
223 2278 333 2327 invidiosa
342 2280 389 2337 lex,
398 2279 456 2325 sicut
467 2278 530 2325 dixi:
548 2287 704 2326 verumtamen
714 2281 782 2327 habet
792 2297 830 2329 ex·

162 2345 324 2406 ‘cusationemz
342 2357 388 2389 nou
399 2343 460 2389 enim
472 2342 561 2389 videtur
570 2343 670 2390 hominis
679 2344 718 2405 lex
729 2360 783 2405 esse,
793 2346 831 2393 sed

169 2416 216 2455 tem
248 2408 285 2454 ris.

201 2424 274 2536 Qpiiid,
290 2470 309 2527 si
320 2479 354 2517 est
364 2469 413 2517 hauo
428 2469 503 2516 multo
513 2469 688 2533 impudentior?
705 2471 830 2530 Namvo„

161 2534 225 2603 fleriis
241 2535 300 2597 lege,
320 2533 478 2597 Corneliisque
492 2532 591 2595 legibus,
606 2534 711 2598 eripitur,
727 2552 780 2584 urm
791 2536 830 2585 da·
