<?xml version="1.0" encoding="UTF-8"?>
<!DOCTYPE html PUBLIC "-//W3C//DTD XHTML 1.0 Transitional//EN"
    "http://www.w3.org/TR/xhtml1/DTD/xhtml1-transitional.dtd">
<html xmlns="http://www.w3.org/1999/xhtml" xml:lang="en" lang="en">
 <head>
  <title>
</title>
<meta http-equiv="Content-Type" content="text/html;charset=utf-8" />
  <meta name='ocr-system' content='tesseract 3.04.00' />
  <meta name='ocr-capabilities' content='ocr_page ocr_carea ocr_par ocr_line ocrx_word'/>
</head>
<body>
  <div class='ocr_page' id='page_1' title='image "./operaexeditioni00ernegoog_0189.png"; bbox 0 0 1850 2909; ppageno 0'>
   <div class='ocr_carea' id='block_1_1' title="bbox 249 89 787 160">
    <p class='ocr_par' dir='ltr' id='par_1_1' title="bbox 249 89 787 160">
     <span class='ocr_line' id='line_1_1' title="bbox 249 89 787 160; baseline 0.006 -10"><span class='ocrx_word' id='word_1_1' title='bbox 249 94 317 151; x_wconf 75' lang='lat' dir='ltr'>P&#39;no</span> <span class='ocrx_word' id='word_1_2' title='bbox 334 101 522 151; x_wconf 81' lang='lat' dir='ltr'>cunsumo.</span> <span class='ocrx_word' id='word_1_3' title='bbox 539 101 604 152; x_wconf 65' lang='lat' dir='ltr'>cn.</span> <span class='ocrx_word' id='word_1_4' title='bbox 618 89 659 153; x_wconf 51' lang='grc' dir='ltr'>ιτς</span> <span class='ocrx_word' id='word_1_5' title='bbox 741 106 787 160; x_wconf 76' lang='lat'>175</span> 
     </span>
    </p>
   </div>
   <div class='ocr_carea' id='block_1_2' title="bbox 105 231 785 2682">
    <p class='ocr_par' dir='ltr' id='par_1_2' title="bbox 111 231 784 425">
     <span class='ocr_line' id='line_1_2' title="bbox 113 231 784 299; baseline 0.001 -18"><span class='ocrx_word' id='word_1_6' title='bbox 113 239 166 296; x_wconf 90' lang='lat' dir='ltr'>p&#39;ost</span> <span class='ocrx_word' id='word_1_7' title='bbox 176 231 220 281; x_wconf 80' lang='lat' dir='ltr'>viti</span> <span class='ocrx_word' id='word_1_8' title='bbox 233 241 341 291; x_wconf 85' lang='lat' dir='ltr'>mortem,</span> <span class='ocrx_word' id='word_1_9' title='bbox 355 231 400 296; x_wconf 85' lang='lat' dir='ltr'>ipsi</span> <span class='ocrx_word' id='word_1_10' title='bbox 408 231 539 297; x_wconf 83' lang='lat' dir='ltr'>Oppiauieo</span> <span class='ocrx_word' id='word_1_11' title='bbox 548 234 634 298; x_wconf 82' lang='lat' dir='ltr'>nupsit</span> <span class='ocrx_word' id='word_1_12' title='bbox 651 233 713 293; x_wconf 81' lang='lat' dir='ltr'>Quae</span> <span class='ocrx_word' id='word_1_13' title='bbox 723 248 784 299; x_wconf 80' lang='lat' dir='ltr'>nup-</span> 
     </span>
     <span class='ocr_line' id='line_1_3' title="bbox 111 297 783 356; baseline 0.003 -12"><span class='ocrx_word' id='word_1_14' title='bbox 111 297 153 345; x_wconf 79' lang='lat' dir='ltr'>tioe</span> <span class='ocrx_word' id='word_1_15' title='bbox 163 311 211 344; x_wconf 91' lang='lat' dir='ltr'>nou</span> <span class='ocrx_word' id='word_1_16' title='bbox 221 297 337 344; x_wconf 75' lang='lat' dir='ltr'>diutumae</span> <span class='ocrx_word' id='word_1_17' title='bbox 346 297 455 344; x_wconf 77' lang='lat' dir='ltr'>fueruntt</span> <span class='ocrx_word' id='word_1_18' title='bbox 473 306 539 345; x_wconf 83' lang='lat' dir='ltr'>eraut</span> <span class='ocrx_word' id='word_1_19' title='bbox 554 299 625 356; x_wconf 83' lang='lat' dir='ltr'>enim,</span> <span class='ocrx_word' id='word_1_20' title='bbox 640 313 686 346; x_wconf 91' lang='lat' dir='ltr'>non</span> <span class='ocrx_word' id='word_1_21' title='bbox 702 300 783 354; x_wconf 73' lang='lat' dir='ltr'>matri-</span> 
     </span>
     <span class='ocr_line' id='line_1_4' title="bbox 112 361 732 425; baseline 0 -15"><span class='ocrx_word' id='word_1_22' title='bbox 112 361 188 410; x_wconf 89' lang='lat' dir='ltr'>monii</span> <span class='ocrx_word' id='word_1_23' title='bbox 195 361 314 425; x_wconf 73' lang='lat' dir='ltr'>dignitate,</span> <span class='ocrx_word' id='word_1_24' title='bbox 322 361 361 408; x_wconf 86' lang='lat' dir='ltr'>sed</span> <span class='ocrx_word' id='word_1_25' title='bbox 372 362 460 409; x_wconf 82' lang='lat' dir='ltr'>sceleris</span> <span class='ocrx_word' id='word_1_26' title='bbox 471 363 585 421; x_wconf 67' lang='lat' dir='ltr'>sedente,</span> <span class='ocrx_word' id='word_1_27' title='bbox 597 363 732 424; x_wconf 75' lang='lat' dir='ltr'>eonjunotae.</span> 
     </span>
    </p>

    <p class='ocr_par' dir='ltr' id='par_1_3' title="bbox 109 425 785 1776">
     <span class='ocr_line' id='line_1_5' title="bbox 147 425 781 486; baseline 0.005 -13"><span class='ocrx_word' id='word_1_28' title='bbox 147 426 225 484; x_wconf 89' lang='lat' dir='ltr'><strong>XIII.</strong></span> <span class='ocrx_word' id='word_1_29' title='bbox 236 425 318 485; x_wconf 84' lang='lat' dir='ltr'>Quid?</span> <span class='ocrx_word' id='word_1_30' title='bbox 334 425 374 473; x_wconf 90' lang='lat' dir='ltr'>illa</span> <span class='ocrx_word' id='word_1_31' title='bbox 384 425 456 474; x_wconf 72' lang='lat' dir='ltr'>tedes</span> <span class='ocrx_word' id='word_1_32' title='bbox 467 426 546 473; x_wconf 79' lang='lat' dir='ltr'>Asinii</span> <span class='ocrx_word' id='word_1_33' title='bbox 559 427 683 486; x_wconf 81' lang='lat' dir='ltr'>Larinatis,</span> <span class='ocrx_word' id='word_1_34' title='bbox 694 429 781 476; x_wconf 81' lang='lat' dir='ltr'>adoles·</span> 
     </span>
     <span class='ocr_line' id='line_1_6' title="bbox 112 490 783 556; baseline 0.003 -18"><span class='ocrx_word' id='word_1_35' title='bbox 112 490 186 538; x_wconf 75' lang='lat' dir='ltr'>centis</span> <span class='ocrx_word' id='word_1_36' title='bbox 196 490 321 554; x_wconf 77' lang='lat' dir='ltr'>pecuniosi,</span> <span class='ocrx_word' id='word_1_37' title='bbox 335 505 406 554; x_wconf 81' lang='lat' dir='ltr'>quam</span> <span class='ocrx_word' id='word_1_38' title='bbox 417 490 478 537; x_wconf 73' lang='lat' dir='ltr'>clara</span> <span class='ocrx_word' id='word_1_39' title='bbox 485 499 546 547; x_wconf 81' lang='lat' dir='ltr'>tum,</span> <span class='ocrx_word' id='word_1_40' title='bbox 557 491 645 538; x_wconf 79' lang='lat' dir='ltr'>retenti·</span> <span class='ocrx_word' id='word_1_41' title='bbox 652 492 692 539; x_wconf 86' lang='lat' dir='ltr'>rei</span> <span class='ocrx_word' id='word_1_42' title='bbox 711 508 783 556; x_wconf 83' lang='lat' dir='ltr'>quam</span> 
     </span>
     <span class='ocr_line' id='line_1_7' title="bbox 112 555 782 620; baseline 0.003 -18"><span class='ocrx_word' id='word_1_43' title='bbox 112 555 221 602; x_wconf 87' lang='lat' dir='ltr'>omnium</span> <span class='ocrx_word' id='word_1_44' title='bbox 239 569 343 602; x_wconf 77' lang='lat' dir='ltr'>sumone</span> <span class='ocrx_word' id='word_1_45' title='bbox 356 555 485 602; x_wconf 82' lang='lat' dir='ltr'>oelebrstal</span> <span class='ocrx_word' id='word_1_46' title='bbox 502 555 559 602; x_wconf 85' lang='lat' dir='ltr'>Fuit</span> <span class='ocrx_word' id='word_1_47' title='bbox 575 555 667 604; x_wconf 73' lang='lat' dir='ltr'>Atilius</span> <span class='ocrx_word' id='word_1_48' title='bbox 685 557 782 620; x_wconf 83' lang='lat' dir='ltr'>quidam</span> 
     </span>
     <span class='ocr_line' id='line_1_8' title="bbox 113 618 783 683; baseline 0.004 -17"><span class='ocrx_word' id='word_1_49' title='bbox 113 618 222 679; x_wconf 72' lang='lat' dir='ltr'>Larium,</span> <span class='ocrx_word' id='word_1_50' title='bbox 243 618 331 682; x_wconf 84' lang='lat' dir='ltr'>perditi</span> <span class='ocrx_word' id='word_1_51' title='bbox 345 619 456 682; x_wconf 81' lang='lat' dir='ltr'>nequitid‚</span> <span class='ocrx_word' id='word_1_52' title='bbox 472 627 495 666; x_wconf 84' lang='lat' dir='ltr'>et</span> <span class='ocrx_word' id='word_1_53' title='bbox 509 621 602 667; x_wconf 75' lang='lat' dir='ltr'>summi</span> <span class='ocrx_word' id='word_1_54' title='bbox 616 629 722 683; x_wconf 77' lang='lat' dir='ltr'>egestate,</span> <span class='ocrx_word' id='word_1_55' title='bbox 735 630 783 669; x_wconf 84' lang='lat' dir='ltr'>arte</span> 
     </span>
     <span class='ocr_line' id='line_1_9' title="bbox 114 683 784 746; baseline 0.006 -17"><span class='ocrx_word' id='word_1_56' title='bbox 114 683 218 746; x_wconf 79' lang='lat' dir='ltr'>quidam</span> <span class='ocrx_word' id='word_1_57' title='bbox 228 683 337 746; x_wconf 70' lang='lat' dir='ltr'>preditus</span> <span class='ocrx_word' id='word_1_58' title='bbox 347 683 377 730; x_wconf 84' lang='lat' dir='ltr'>ad</span> <span class='ocrx_word' id='word_1_59' title='bbox 389 683 497 730; x_wconf 77' lang='lat' dir='ltr'>libidines</span> <span class='ocrx_word' id='word_1_60' title='bbox 512 683 732 732; x_wconf 76' lang='lat' dir='ltr'>adolesoennilorum</span> <span class='ocrx_word' id='word_1_61' title='bbox 743 701 784 733; x_wconf 84' lang='lat' dir='ltr'>ex-</span> 
     </span>
     <span class='ocr_line' id='line_1_10' title="bbox 113 747 785 810; baseline 0.004 -16"><span class='ocrx_word' id='word_1_62' title='bbox 113 747 217 794; x_wconf 73' lang='lat' dir='ltr'>oitsndns</span> <span class='ocrx_word' id='word_1_63' title='bbox 225 747 410 795; x_wconf 72' lang='lat' dir='ltr'>accommodati:</span> <span class='ocrx_word' id='word_1_64' title='bbox 425 747 468 810; x_wconf 92' lang='lat' dir='ltr'>qui</span> <span class='ocrx_word' id='word_1_65' title='bbox 477 756 505 794; x_wconf 90' lang='lat' dir='ltr'>ut</span> <span class='ocrx_word' id='word_1_66' title='bbox 515 763 539 795; x_wconf 84' lang='lat' dir='ltr'>se</span> <span class='ocrx_word' id='word_1_67' title='bbox 549 749 666 796; x_wconf 77' lang='lat' dir='ltr'>blanditiis</span> <span class='ocrx_word' id='word_1_68' title='bbox 675 760 698 797; x_wconf 89' lang='lat' dir='ltr'>et</span> <span class='ocrx_word' id='word_1_69' title='bbox 706 765 785 797; x_wconf 83' lang='lat' dir='ltr'>assen-</span> 
     </span>
     <span class='ocr_line' id='line_1_11' title="bbox 111 811 782 876; baseline 0.006 -18"><span class='ocrx_word' id='word_1_70' title='bbox 111 811 238 859; x_wconf 83' lang='lat' dir='ltr'>tationibus</span> <span class='ocrx_word' id='word_1_71' title='bbox 245 812 269 859; x_wconf 93' lang='lat' dir='ltr'>in</span> <span class='ocrx_word' id='word_1_72' title='bbox 280 811 356 860; x_wconf 85' lang='lat' dir='ltr'>Asinii</span> <span class='ocrx_word' id='word_1_73' title='bbox 366 811 554 858; x_wconf 77' lang='lat' dir='ltr'>eonsuetudinem</span> <span class='ocrx_word' id='word_1_74' title='bbox 562 813 653 876; x_wconf 89' lang='lat' dir='ltr'>penitus</span> <span class='ocrx_word' id='word_1_75' title='bbox 661 814 782 873; x_wconf 83' lang='lat' dir='ltr'>immersit,</span> 
     </span>
     <span class='ocr_line' id='line_1_12' title="bbox 111 875 782 939; baseline 0.007 -18"><span class='ocrx_word' id='word_1_76' title='bbox 111 875 257 939; x_wconf 74' lang='lat' dir='ltr'>Oppianicus</span> <span class='ocrx_word' id='word_1_77' title='bbox 276 877 384 924; x_wconf 90' lang='lat' dir='ltr'>oontinuo</span> <span class='ocrx_word' id='word_1_78' title='bbox 405 891 495 938; x_wconf 83' lang='lat' dir='ltr'>sperare</span> <span class='ocrx_word' id='word_1_79' title='bbox 511 877 587 939; x_wconf 73' lang='lat' dir='ltr'>oepit,</span> <span class='ocrx_word' id='word_1_80' title='bbox 602 877 646 925; x_wconf 88' lang='lat' dir='ltr'>hoc</span> <span class='ocrx_word' id='word_1_81' title='bbox 654 895 678 926; x_wconf 89' lang='lat' dir='ltr'>se</span> <span class='ocrx_word' id='word_1_82' title='bbox 694 879 782 938; x_wconf 86' lang='lat' dir='ltr'>Avilio,</span> 
     </span>
     <span class='ocr_line' id='line_1_13' title="bbox 110 940 781 1006; baseline 0.007 -20"><span class='ocrx_word' id='word_1_83' title='bbox 110 947 233 1004; x_wconf 76' lang='lat' dir='ltr'>tamquam</span> <span class='ocrx_word' id='word_1_84' title='bbox 255 941 333 1004; x_wconf 74' lang='lat' dir='ltr'>aliquit</span> <span class='ocrx_word' id='word_1_85' title='bbox 353 940 461 988; x_wconf 77' lang='lat' dir='ltr'>mnohini</span> <span class='ocrx_word' id='word_1_86' title='bbox 480 941 583 1001; x_wconf 72' lang='lat' dir='ltr'>admoti,</span> <span class='ocrx_word' id='word_1_87' title='bbox 602 957 682 1006; x_wconf 75' lang='lat' dir='ltr'>sapere</span> <span class='ocrx_word' id='word_1_88' title='bbox 703 943 781 991; x_wconf 85' lang='lat' dir='ltr'>Asinii</span> 
     </span>
     <span class='ocr_line' id='line_1_14' title="bbox 110 1004 781 1070; baseline 0.006 -20"><span class='ocrx_word' id='word_1_89' title='bbox 110 1004 296 1064; x_wconf 71' lang='lat' dir='ltr'>adolescentiam,</span> <span class='ocrx_word' id='word_1_90' title='bbox 313 1014 336 1052; x_wconf 85' lang='lat' dir='ltr'>et</span> <span class='ocrx_word' id='word_1_91' title='bbox 352 1004 455 1052; x_wconf 79' lang='lat' dir='ltr'>fortunas</span> <span class='ocrx_word' id='word_1_92' title='bbox 474 1006 621 1068; x_wconf 83' lang='lat' dir='ltr'>ejus‘putrias</span> <span class='ocrx_word' id='word_1_93' title='bbox 640 1021 781 1070; x_wconf 80' lang='lat' dir='ltr'>expugnare,</span> 
     </span>
     <span class='ocr_line' id='line_1_15' title="bbox 111 1068 782 1132; baseline 0.006 -17"><span class='ocrx_word' id='word_1_94' title='bbox 111 1083 186 1132; x_wconf 85' lang='lat' dir='ltr'>posse.</span> <span class='ocrx_word' id='word_1_95' title='bbox 214 1068 285 1116; x_wconf 80' lang='lat' dir='ltr'>Ratio</span> <span class='ocrx_word' id='word_1_96' title='bbox 301 1068 428 1132; x_wconf 74' lang='lat' dir='ltr'>excogitata</span> <span class='ocrx_word' id='word_1_97' title='bbox 444 1068 525 1115; x_wconf 76' lang='lat' dir='ltr'>Larini</span> <span class='ocrx_word' id='word_1_98' title='bbox 543 1078 593 1126; x_wconf 74' lang='lat' dir='ltr'>est3</span> <span class='ocrx_word' id='word_1_99' title='bbox 616 1086 652 1118; x_wconf 84' lang='lat' dir='ltr'>res</span> <span class='ocrx_word' id='word_1_100' title='bbox 672 1071 782 1119; x_wconf 67' lang='lat' dir='ltr'>mandata</span> 
     </span>
     <span class='ocr_line' id='line_1_16' title="bbox 111 1132 782 1184; baseline 0.006 -4"><span class='ocrx_word' id='word_1_101' title='bbox 111 1133 223 1180; x_wconf 76' lang='lat' dir='ltr'>Romam.</span> <span class='ocrx_word' id='word_1_102' title='bbox 241 1133 300 1180; x_wconf 82' lang='lat' dir='ltr'>Iniri</span> <span class='ocrx_word' id='word_1_103' title='bbox 310 1134 372 1180; x_wconf 89' lang='lat' dir='ltr'>euim</span> <span class='ocrx_word' id='word_1_104' title='bbox 387 1132 411 1179; x_wconf 90' lang='lat' dir='ltr'>id</span> <span class='ocrx_word' id='word_1_105' title='bbox 421 1133 544 1180; x_wconf 76' lang='lat' dir='ltr'>eonsilium</span> <span class='ocrx_word' id='word_1_106' title='bbox 557 1133 647 1182; x_wconf 79' lang='lat' dir='ltr'>fnulius</span> <span class='ocrx_word' id='word_1_107' title='bbox 660 1135 685 1183; x_wconf 93' lang='lat' dir='ltr'>in</span> <span class='ocrx_word' id='word_1_108' title='bbox 701 1136 782 1184; x_wconf 87' lang='lat' dir='ltr'>solitu·</span> 
     </span>
     <span class='ocr_line' id='line_1_17' title="bbox 111 1196 779 1262; baseline 0.006 -18"><span class='ocrx_word' id='word_1_109' title='bbox 111 1197 175 1256; x_wconf 84' lang='lat' dir='ltr'>dine,</span> <span class='ocrx_word' id='word_1_110' title='bbox 196 1198 275 1262; x_wconf 80' lang='lat' dir='ltr'>perfici</span> <span class='ocrx_word' id='word_1_111' title='bbox 296 1213 345 1245; x_wconf 86' lang='lat' dir='ltr'>rem</span> <span class='ocrx_word' id='word_1_112' title='bbox 364 1196 478 1258; x_wconf 83' lang='lat' dir='ltr'>ejusmodi</span> <span class='ocrx_word' id='word_1_113' title='bbox 497 1199 639 1247; x_wconf 87' lang='lat' dir='ltr'>eommodius</span> <span class='ocrx_word' id='word_1_114' title='bbox 656 1199 682 1247; x_wconf 89' lang='lat' dir='ltr'>in</span> <span class='ocrx_word' id='word_1_115' title='bbox 701 1200 779 1258; x_wconf 73' lang='lat' dir='ltr'>turbis,</span> 
     </span>
     <span class='ocr_line' id='line_1_18' title="bbox 109 1261 780 1338; baseline 0.006 -29"><span class='ocrx_word' id='word_1_116' title='bbox 109 1277 176 1326; x_wconf 88' lang='lat' dir='ltr'>posse</span> <span class='ocrx_word' id='word_1_117' title='bbox 191 1262 294 1310; x_wconf 78' lang='lat' dir='ltr'>arbitrati</span> <span class='ocrx_word' id='word_1_118' title='bbox 309 1269 369 1310; x_wconf 74' lang='lat' dir='ltr'>sunt.</span> <span class='ocrx_word' id='word_1_119' title='bbox 396 1261 494 1336; x_wconf 68' lang='lat' dir='ltr'>Asinius</span> <span class='ocrx_word' id='word_1_120' title='bbox 512 1277 567 1338; x_wconf 75' lang='lat' dir='ltr'>cum</span> <span class='ocrx_word' id='word_1_121' title='bbox 583 1263 661 1312; x_wconf 84' lang='lat' dir='ltr'>Avilio</span> <span class='ocrx_word' id='word_1_122' title='bbox 678 1266 780 1313; x_wconf 82' lang='lat' dir='ltr'>Romam</span> 
     </span>
     <span class='ocr_line' id='line_1_19' title="bbox 109 1325 780 1456; baseline 0.001 -17"><span class='ocrx_word' id='word_1_123' title='bbox 109 1325 780 1456; x_wconf 43' lang='lat' dir='ltr'>{pffffiqfflgaevfflgppifflnppffiqqq</span> 
     </span>
     <span class='ocr_line' id='line_1_20' title="bbox 110 1455 780 1529; baseline 0 -25"><span class='ocrx_word' id='word_1_124' title='bbox 110 1457 155 1504; x_wconf 87' lang='lat' dir='ltr'>bus</span> <span class='ocrx_word' id='word_1_125' title='bbox 165 1455 266 1519; x_wconf 71' lang='lat' dir='ltr'>flagitiis,</span> <span class='ocrx_word' id='word_1_126' title='bbox 275 1455 367 1519; x_wconf 88' lang='lat' dir='ltr'>quantis</span> <span class='ocrx_word' id='word_1_127' title='bbox 378 1463 400 1501; x_wconf 87' lang='lat' dir='ltr'>et</span> <span class='ocrx_word' id='word_1_128' title='bbox 411 1469 482 1517; x_wconf 86' lang='lat' dir='ltr'>quam</span> <span class='ocrx_word' id='word_1_129' title='bbox 492 1455 592 1529; x_wconf 81' lang='lat' dir='ltr'>profusis</span> <span class='ocrx_word' id='word_1_130' title='bbox 602 1457 725 1516; x_wconf 85' lang='lat' dir='ltr'>sumtibus,</span> <span class='ocrx_word' id='word_1_131' title='bbox 732 1471 780 1504; x_wconf 90' lang='lat' dir='ltr'>non</span> 
     </span>
     <span class='ocr_line' id='line_1_21' title="bbox 109 1519 779 1584; baseline -0.003 -16"><span class='ocrx_word' id='word_1_132' title='bbox 109 1519 180 1568; x_wconf 89' lang='lat' dir='ltr'>modo</span> <span class='ocrx_word' id='word_1_133' title='bbox 195 1521 292 1579; x_wconf 79' lang='lat' dir='ltr'>oonsuio,</span> <span class='ocrx_word' id='word_1_134' title='bbox 304 1520 343 1567; x_wconf 85' lang='lat' dir='ltr'>sed</span> <span class='ocrx_word' id='word_1_135' title='bbox 353 1519 422 1566; x_wconf 85' lang='lat' dir='ltr'>etiam</span> <span class='ocrx_word' id='word_1_136' title='bbox 433 1519 530 1566; x_wconf 80' lang='lat' dir='ltr'>oounvit</span> <span class='ocrx_word' id='word_1_137' title='bbox 540 1531 563 1569; x_wconf 83' lang='lat' dir='ltr'>et</span> <span class='ocrx_word' id='word_1_138' title='bbox 578 1521 691 1582; x_wconf 75' lang='lat' dir='ltr'>adjutore,</span> <span class='ocrx_word' id='word_1_139' title='bbox 702 1521 779 1584; x_wconf 87' lang='lat' dir='ltr'>Oppi-</span> 
     </span>
     <span class='ocr_line' id='line_1_22' title="bbox 109 1581 781 1648; baseline -0.001 -16"><span class='ocrx_word' id='word_1_140' title='bbox 109 1584 184 1644; x_wconf 78' lang='lat' dir='ltr'>anioo,</span> <span class='ocrx_word' id='word_1_141' title='bbox 196 1583 293 1648; x_wconf 84' lang='lat' dir='ltr'>longum</span> <span class='ocrx_word' id='word_1_142' title='bbox 303 1593 337 1632; x_wconf 81' lang='lat' dir='ltr'>est</span> <span class='ocrx_word' id='word_1_143' title='bbox 347 1581 494 1640; x_wconf 80' lang='lat' dir='ltr'>mihidicere,</span> <span class='ocrx_word' id='word_1_144' title='bbox 502 1585 628 1644; x_wconf 66' lang='lat' dir='ltr'>prasertim</span> <span class='ocrx_word' id='word_1_145' title='bbox 636 1585 666 1631; x_wconf 86' lang='lat' dir='ltr'>ad</span> <span class='ocrx_word' id='word_1_146' title='bbox 673 1585 719 1632; x_wconf 86' lang='lat' dir='ltr'>alia</span> <span class='ocrx_word' id='word_1_147' title='bbox 726 1585 781 1648; x_wconf 84' lang='lat' dir='ltr'>pr‘o-</span> 
     </span>
     <span class='ocr_line' id='line_1_23' title="bbox 109 1646 780 1712; baseline 0 -16"><span class='ocrx_word' id='word_1_148' title='bbox 109 1649 207 1712; x_wconf 78' lang='lat' dir='ltr'>pera&#39;nti</span> <span class='ocrx_word' id='word_1_149' title='bbox 225 1649 326 1698; x_wconf 80' lang='lat' dir='ltr'>Exitum</span> <span class='ocrx_word' id='word_1_150' title='bbox 334 1649 405 1710; x_wconf 80' lang='lat' dir='ltr'>hujus</span> <span class='ocrx_word' id='word_1_151' title='bbox 413 1646 553 1697; x_wconf 70' lang='lat' dir='ltr'>assimulatas</span> <span class='ocrx_word' id='word_1_152' title='bbox 565 1649 726 1698; x_wconf 72' lang='lat' dir='ltr'>familiaritatis</span> <span class='ocrx_word' id='word_1_153' title='bbox 741 1664 780 1696; x_wconf 85' lang='lat' dir='ltr'>oo-</span> 
     </span>
     <span class='ocr_line' id='line_1_24' title="bbox 109 1714 219 1776; baseline 0.018 -16"><span class='ocrx_word' id='word_1_154' title='bbox 109 1714 219 1776; x_wconf 72' lang='lat' dir='ltr'>gnossiis.</span> 
     </span>
    </p>

    <p class='ocr_par' dir='ltr' id='par_1_4' title="bbox 105 1777 782 2471">
     <span class='ocr_line' id='line_1_25' title="bbox 145 1777 780 1845; baseline 0 -19"><span class='ocrx_word' id='word_1_155' title='bbox 145 1777 207 1826; x_wconf 84' lang='lat' dir='ltr'>Cum</span> <span class='ocrx_word' id='word_1_156' title='bbox 225 1788 283 1828; x_wconf 81' lang='lat' dir='ltr'>esset</span> <span class='ocrx_word' id='word_1_157' title='bbox 296 1779 426 1828; x_wconf 75' lang='lat' dir='ltr'>adolescens</span> <span class='ocrx_word' id='word_1_158' title='bbox 442 1781 506 1845; x_wconf 86' lang='lat' dir='ltr'>apud</span> <span class='ocrx_word' id='word_1_159' title='bbox 522 1778 682 1827; x_wconf 69' lang='lat' dir='ltr'>mulierculam</span> <span class='ocrx_word' id='word_1_160' title='bbox 696 1793 780 1843; x_wconf 84' lang='lat' dir='ltr'>quam·</span> 
     </span>
     <span class='ocr_line' id='line_1_26' title="bbox 108 1841 780 1907; baseline 0.003 -18"><span class='ocrx_word' id='word_1_161' title='bbox 108 1841 174 1902; x_wconf 78' lang='lat' dir='ltr'>dum,</span> <span class='ocrx_word' id='word_1_162' title='bbox 186 1851 255 1907; x_wconf 79' lang='lat' dir='ltr'>atque</span> <span class='ocrx_word' id='word_1_163' title='bbox 272 1843 306 1892; x_wconf 89' lang='lat' dir='ltr'>ibi</span> <span class='ocrx_word' id='word_1_164' title='bbox 323 1852 474 1907; x_wconf 78' lang='lat' dir='ltr'>pernoctaret,</span> <span class='ocrx_word' id='word_1_165' title='bbox 494 1854 517 1892; x_wconf 86' lang='lat' dir='ltr'>et</span> <span class='ocrx_word' id='word_1_166' title='bbox 534 1844 568 1892; x_wconf 89' lang='lat' dir='ltr'>ibi</span> <span class='ocrx_word' id='word_1_167' title='bbox 584 1844 646 1892; x_wconf 85' lang='lat' dir='ltr'>diem</span> <span class='ocrx_word' id='word_1_168' title='bbox 661 1853 780 1906; x_wconf 85' lang='lat' dir='ltr'>posterum</span> 
     </span>
     <span class='ocr_line' id='line_1_27' title="bbox 111 1908 779 1966; baseline 0.003 -12"><span class='ocrx_word' id='word_1_169' title='bbox 111 1917 308 1965; x_wconf 68' lang='lat' dir='ltr'>oommotaretun</span> <span class='ocrx_word' id='word_1_170' title='bbox 325 1908 428 1966; x_wconf 72' lang='lat' dir='ltr'>Asilius,</span> <span class='ocrx_word' id='word_1_171' title='bbox 438 1917 466 1956; x_wconf 85' lang='lat' dir='ltr'>ut</span> <span class='ocrx_word' id='word_1_172' title='bbox 476 1918 524 1956; x_wconf 87' lang='lat' dir='ltr'>erat</span> <span class='ocrx_word' id='word_1_173' title='bbox 533 1908 691 1966; x_wconf 82' lang='lat' dir='ltr'>constitutum,</span> <span class='ocrx_word' id='word_1_174' title='bbox 706 1909 779 1956; x_wconf 88' lang='lat' dir='ltr'>simu-</span> 
     </span>
     <span class='ocr_line' id='line_1_28' title="bbox 107 1971 778 2037; baseline 0.003 -19"><span class='ocrx_word' id='word_1_175' title='bbox 107 1971 143 2018; x_wconf 74' lang='lat' dir='ltr'>lat</span> <span class='ocrx_word' id='word_1_176' title='bbox 156 1985 180 2018; x_wconf 86' lang='lat' dir='ltr'>se</span> <span class='ocrx_word' id='word_1_177' title='bbox 190 1981 306 2035; x_wconf 73' lang='lat' dir='ltr'>egrotare,</span> <span class='ocrx_word' id='word_1_178' title='bbox 319 1981 342 2020; x_wconf 85' lang='lat' dir='ltr'>et</span> <span class='ocrx_word' id='word_1_179' title='bbox 352 1981 515 2021; x_wconf 79' lang='lat' dir='ltr'>testamentum</span> <span class='ocrx_word' id='word_1_180' title='bbox 527 1973 600 2022; x_wconf 78' lang='lat' dir='ltr'>tacere</span> <span class='ocrx_word' id='word_1_181' title='bbox 616 1973 681 2021; x_wconf 82' lang='lat' dir='ltr'>velle.</span> <span class='ocrx_word' id='word_1_182' title='bbox 701 1973 778 2037; x_wconf 89' lang='lat' dir='ltr'>Oppi-</span> 
     </span>
     <span class='ocr_line' id='line_1_29' title="bbox 107 2035 779 2102; baseline 0 -18"><span class='ocrx_word' id='word_1_183' title='bbox 107 2035 188 2084; x_wconf 79' lang='lat' dir='ltr'>anious</span> <span class='ocrx_word' id='word_1_184' title='bbox 208 2037 362 2100; x_wconf 78' lang='lat' dir='ltr'>obsignatores</span> <span class='ocrx_word' id='word_1_185' title='bbox 383 2037 412 2085; x_wconf 83' lang='lat' dir='ltr'>ed</span> <span class='ocrx_word' id='word_1_186' title='bbox 430 2053 493 2098; x_wconf 85' lang='lat' dir='ltr'>eum,</span> <span class='ocrx_word' id='word_1_187' title='bbox 515 2037 556 2102; x_wconf 92' lang='lat' dir='ltr'>qui</span> <span class='ocrx_word' id='word_1_188' title='bbox 575 2052 650 2101; x_wconf 85' lang='lat' dir='ltr'>neque</span> <span class='ocrx_word' id='word_1_189' title='bbox 666 2038 779 2086; x_wconf 77' lang='lat' dir='ltr'>Asinium</span> 
     </span>
     <span class='ocr_line' id='line_1_30' title="bbox 107 2101 780 2164; baseline 0.004 -18"><span class='ocrx_word' id='word_1_190' title='bbox 107 2115 184 2164; x_wconf 83' lang='lat' dir='ltr'>neque</span> <span class='ocrx_word' id='word_1_191' title='bbox 200 2101 306 2149; x_wconf 73' lang='lat' dir='ltr'>avinus</span> <span class='ocrx_word' id='word_1_192' title='bbox 316 2104 417 2160; x_wconf 84' lang='lat' dir='ltr'>ndsse‘nt,</span> <span class='ocrx_word' id='word_1_193' title='bbox 434 2102 536 2160; x_wconf 78' lang='lat' dir='ltr'>adducit,</span> <span class='ocrx_word' id='word_1_194' title='bbox 553 2112 576 2150; x_wconf 84' lang='lat' dir='ltr'>et</span> <span class='ocrx_word' id='word_1_195' title='bbox 590 2102 658 2150; x_wconf 90' lang='lat' dir='ltr'>illum</span> <span class='ocrx_word' id='word_1_196' title='bbox 668 2103 780 2150; x_wconf 87' lang='lat' dir='ltr'>Asinium</span> 
     </span>
     <span class='ocr_line' id='line_1_31' title="bbox 107 2161 779 2230; baseline 0.003 -18"><span class='ocrx_word' id='word_1_197' title='bbox 107 2165 224 2228; x_wconf 66' lang='lat' dir='ltr'>appellnt</span> <span class='ocrx_word' id='word_1_198' title='bbox 241 2165 298 2228; x_wconf 82' lang='lat' dir='ltr'>ipse,</span> <span class='ocrx_word' id='word_1_199' title='bbox 310 2173 445 2214; x_wconf 81' lang='lat' dir='ltr'>testamento</span> <span class='ocrx_word' id='word_1_200' title='bbox 456 2167 535 2214; x_wconf 90' lang='lat' dir='ltr'>Asinii</span> <span class='ocrx_word' id='word_1_201' title='bbox 545 2167 638 2216; x_wconf 89' lang='lat' dir='ltr'>nomine</span> <span class='ocrx_word' id='word_1_202' title='bbox 650 2161 779 2230; x_wconf 79' lang='lat' dir='ltr'>obsignato,</span> 
     </span>
     <span class='ocr_line' id='line_1_32' title="bbox 107 2229 782 2280; baseline 0.001 -3"><span class='ocrx_word' id='word_1_203' title='bbox 107 2229 211 2277; x_wconf 80' lang='lat' dir='ltr'>discedit</span> <span class='ocrx_word' id='word_1_204' title='bbox 235 2230 327 2279; x_wconf 84' lang='lat' dir='ltr'>Avilius</span> <span class='ocrx_word' id='word_1_205' title='bbox 340 2229 402 2278; x_wconf 83' lang='lat' dir='ltr'>illim</span> <span class='ocrx_word' id='word_1_206' title='bbox 418 2231 562 2280; x_wconf 77' lang='lat' dir='ltr'>convalescit.</span> <span class='ocrx_word' id='word_1_207' title='bbox 588 2232 685 2279; x_wconf 89' lang='lat' dir='ltr'>Asinius</span> <span class='ocrx_word' id='word_1_208' title='bbox 703 2239 782 2278; x_wconf 83' lang='lat' dir='ltr'>autem</span> 
     </span>
     <span class='ocr_line' id='line_1_33' title="bbox 105 2294 781 2359; baseline -0.001 -18"><span class='ocrx_word' id='word_1_209' title='bbox 105 2294 171 2341; x_wconf 81' lang='lat' dir='ltr'>brevi</span> <span class='ocrx_word' id='word_1_210' title='bbox 187 2294 228 2343; x_wconf 89' lang='lat' dir='ltr'>illo</span> <span class='ocrx_word' id='word_1_211' title='bbox 243 2304 354 2359; x_wconf 80' lang='lat' dir='ltr'>tempore,</span> <span class='ocrx_word' id='word_1_212' title='bbox 366 2297 433 2358; x_wconf 88' lang='lat' dir='ltr'>quasi</span> <span class='ocrx_word' id='word_1_213' title='bbox 443 2296 468 2343; x_wconf 92' lang='lat' dir='ltr'>in</span> <span class='ocrx_word' id='word_1_214' title='bbox 478 2296 582 2343; x_wconf 86' lang='lat' dir='ltr'>hortulos</span> <span class='ocrx_word' id='word_1_215' title='bbox 591 2297 643 2357; x_wconf 80' lang='lat' dir='ltr'>iret,</span> <span class='ocrx_word' id='word_1_216' title='bbox 659 2296 685 2342; x_wconf 92' lang='lat' dir='ltr'>in</span> <span class='ocrx_word' id='word_1_217' title='bbox 701 2309 781 2342; x_wconf 81' lang='lat' dir='ltr'>arene·</span> 
     </span>
     <span class='ocr_line' id='line_1_34' title="bbox 107 2358 777 2471; baseline -0.003 -63"><span class='ocrx_word' id='word_1_218' title='bbox 107 2358 154 2434; x_wconf 66' lang='lat' dir='ltr'>rias</span> <span class='ocrx_word' id='word_1_219' title='bbox 154 2359 278 2471; x_wconf 60' lang='lat' dir='ltr'>(1qume</span> <span class='ocrx_word' id='word_1_220' title='bbox 293 2369 358 2408; x_wconf 80' lang='lat' dir='ltr'>exne</span> <span class='ocrx_word' id='word_1_221' title='bbox 374 2369 464 2424; x_wconf 83' lang='lat' dir='ltr'>portum</span> <span class='ocrx_word' id='word_1_222' title='bbox 480 2361 628 2424; x_wconf 83' lang='lat' dir='ltr'>Esquilinam</span> <span class='ocrx_word' id='word_1_223' title='bbox 644 2359 777 2423; x_wconf 85' lang='lat' dir='ltr'>perductus,</span> 
     </span>
     <span class='ocr_line' id='line_1_35' title="bbox 105 2437 223 2471; baseline 0.008 -1"><span class='ocrx_word' id='word_1_224' title='bbox 105 2437 154 2470; x_wconf 84' lang='lat' dir='ltr'>ouot</span> <span class='ocrx_word' id='word_1_225' title='bbox 216 2457 223 2471; x_wconf 86' lang='lat'><strong>.</strong></span> 
     </span>
    </p>

    <p class='ocr_par' dir='ltr' id='par_1_5' title="bbox 105 2487 780 2682">
     <span class='ocr_line' id='line_1_36' title="bbox 142 2487 780 2550; baseline 0 -13"><span class='ocrx_word' id='word_1_226' title='bbox 142 2487 193 2546; x_wconf 89' lang='lat' dir='ltr'>Qui</span> <span class='ocrx_word' id='word_1_227' title='bbox 205 2504 260 2537; x_wconf 84' lang='lat' dir='ltr'>oum</span> <span class='ocrx_word' id='word_1_228' title='bbox 270 2503 345 2537; x_wconf 88' lang='lat' dir='ltr'>unum</span> <span class='ocrx_word' id='word_1_229' title='bbox 354 2490 404 2550; x_wconf 85' lang='lat' dir='ltr'>jam</span> <span class='ocrx_word' id='word_1_230' title='bbox 419 2498 442 2537; x_wconf 86' lang='lat' dir='ltr'>et</span> <span class='ocrx_word' id='word_1_231' title='bbox 456 2491 555 2538; x_wconf 79' lang='lat' dir='ltr'>alterum</span> <span class='ocrx_word' id='word_1_232' title='bbox 569 2489 631 2537; x_wconf 86' lang='lat' dir='ltr'>diem</span> <span class='ocrx_word' id='word_1_233' title='bbox 642 2487 780 2537; x_wconf 83' lang='lat' dir='ltr'>desiderare-</span> 
     </span>
     <span class='ocr_line' id='line_1_37' title="bbox 105 2552 779 2630; baseline 0 -28"><span class='ocrx_word' id='word_1_234' title='bbox 105 2557 153 2612; x_wconf 76' lang='lat' dir='ltr'>tur,</span> <span class='ocrx_word' id='word_1_235' title='bbox 170 2553 281 2630; x_wconf 71' lang='lat' dir='ltr'>usquein</span> <span class='ocrx_word' id='word_1_236' title='bbox 294 2553 323 2603; x_wconf 84' lang='lat' dir='ltr'>iis</span> <span class='ocrx_word' id='word_1_237' title='bbox 333 2555 396 2614; x_wconf 81' lang='lat' dir='ltr'>loeis,</span> <span class='ocrx_word' id='word_1_238' title='bbox 413 2555 455 2602; x_wconf 92' lang='lat' dir='ltr'>ubi</span> <span class='ocrx_word' id='word_1_239' title='bbox 466 2570 496 2602; x_wconf 86' lang='lat' dir='ltr'>ex</span> <span class='ocrx_word' id='word_1_240' title='bbox 511 2552 676 2602; x_wconf 81' lang='lat' dir='ltr'>consuetudine</span> <span class='ocrx_word' id='word_1_241' title='bbox 691 2569 779 2616; x_wconf 81' lang='lat' dir='ltr'>quaere-</span> 
     </span>
     <span class='ocr_line' id='line_1_38' title="bbox 105 2617 780 2682; baseline 0.003 -18"><span class='ocrx_word' id='word_1_242' title='bbox 105 2617 184 2677; x_wconf 80' lang='lat' dir='ltr'>betur,</span> <span class='ocrx_word' id='word_1_243' title='bbox 200 2619 353 2676; x_wconf 71' lang='lat' dir='ltr'>invenireturt</span> <span class='ocrx_word' id='word_1_244' title='bbox 371 2628 394 2667; x_wconf 88' lang='lat' dir='ltr'>et</span> <span class='ocrx_word' id='word_1_245' title='bbox 410 2617 556 2682; x_wconf 77' lang='lat' dir='ltr'>Oppianicus</span> <span class='ocrx_word' id='word_1_246' title='bbox 571 2617 596 2664; x_wconf 93' lang='lat' dir='ltr'>in</span> <span class='ocrx_word' id='word_1_247' title='bbox 615 2617 665 2664; x_wconf 81' lang='lat' dir='ltr'>foro</span> <span class='ocrx_word' id='word_1_248' title='bbox 683 2617 780 2666; x_wconf 73' lang='lat' dir='ltr'>lmine-</span> 
     </span>
    </p>
   </div>
   <div class='ocr_carea' id='block_1_3' title="bbox 0 0 930 2909">
    <p class='ocr_par' dir='ltr' id='par_1_6' title="bbox 0 0 930 2909">
     <span class='ocr_line' id='line_1_39' title="bbox 0 0 930 2909; baseline 0 1"><span class='ocrx_word' id='word_1_249' title='bbox 0 0 930 2909; x_wconf 95' lang='lat' dir='ltr'> </span> 
     </span>
    </p>
   </div>
  </div>
 </body>
</html>
