1850 2909
136 63 182 108 150
222 58 292 107 PRO
309 57 401 106 LEGE
419 54 586 106 MANILIA.
603 55 668 104 Gur·
682 55 723 103 to.

171 186 244 234 XVI.
261 185 314 248 Age
328 202 390 245 vero,
405 187 447 234 ills
462 200 498 233 rea
512 193 624 249 quantam
637 183 740 232 declarat
749 185 813 246 ejus-

139 251 193 298 dem
204 251 305 298 hominis
316 250 378 314 apud
389 251 465 298 hostes
480 249 561 313 populi
575 249 677 296 Romani
687 250 814 297 auctorito-

140 325 197 374 tem,
209 316 273 378 quod
283 331 312 363 ex
322 315 378 363 locis
388 323 437 362 tam
447 313 590 377 longinquis,
601 323 696 376 tamque
706 313 814 373 diversis,

141 388 190 428 tem
201 381 265 428 brevi
276 388 386 442 tempore,
397 394 478 426 omnes
492 379 535 426 uni
544 378 600 426 hnic
616 394 641 426 ae
652 377 814 426 dediderrmt?

142 444 206 507 quod
216 443 360 492 Cretensium
370 443 449 506 legati,
460 458 515 491 cum
526 442 551 489 in
559 457 640 490 eorum
647 441 725 489 insulis
735 451 815 489 noster

142 509 268 584 imperator
283 508 441 570 exercitusque
454 515 521 565 esset,
538 506 568 553 sd
578 507 623 555 Cn.
636 505 776 569 Pompeium
788 506 815 553 in

144 574 238 622 nltrmns
252 587 323 637 prope
338 580 409 619 terras
420 579 538 624 venerunt,
551 570 619 634 eique
629 586 653 618 se
663 585 745 617 omnes
757 570 816 618 Cre-

144 637 245 685 tensium
254 637 355 685 civitates
361 636 443 684 dedere
450 636 509 683 velle
514 635 640 683 dixerunt?
657 635 740 693 Quid?
751 635 816 682 idem

144 701 187 749 iste
198 701 353 761 Mithridates,
362 715 447 759 norme,
456 700 487 748 ed
494 699 602 747 eumdem
610 699 655 747 Cn.
664 699 816 762 Pompeium,

144 767 248 828 legatum
258 765 367 829 usquein
378 764 519 828 Hispaniam
532 763 613 811 misit?
629 778 731 826 eumque
742 764 816 810 Pom-

145 831 212 894 peius
222 831 326 894 legatum
337 844 427 892 semper
439 827 567 889 judicavitr
585 828 611 885 ii,
626 827 713 891 quibua
725 843 818 891 semper

146 901 194 942 erat
210 895 343 952 molestum,
361 893 391 941 ad
408 908 461 940 eum
479 892 625 955 potissimum
641 907 690 940 esse
707 892 817 952 missum,

147 959 321 1022 speculatorem,
339 973 410 1020 quem
426 957 538 1018 legatum,
562 955 660 1016 judicari
675 956 818 1003 meluerunt.

148 1023 248 1071 Potestis
259 1023 329 1086 igitur
338 1023 388 1083 jam
396 1021 541 1077 constituere,
550 1019 662 1078 Quirites,
670 1019 730 1068 hanc
737 1029 819 1067 aueto-

147 1087 249 1147 ritatem,
258 1087 338 1135 multis
345 1096 424 1148 postea
430 1086 499 1132 rebus
507 1085 584 1146 gestis,
593 1083 731 1146 magnisque
737 1085 819 1132 vestris

146 1151 238 1212 judiciis
257 1150 429 1214 amplificatum,
453 1157 568 1211 quantum
590 1148 654 1210 apud
674 1147 727 1194 illos
742 1163 818 1210 reges,

148 1224 262 1278 quantum
274 1214 336 1278 opud
351 1223 439 1261 exteras
453 1212 565 1271 nationes,
580 1212 703 1259 valimrum
718 1227 768 1260 ease
777 1229 820 1260 ex.

149 1279 262 1327 istimetis.
659 1278 662 1284 “

116 1346 119 1352 ’
181 1343 311 1405 Reliquum
322 1349 364 1398 est,
375 1349 403 1388 ut
414 1341 443 1388 de
456 1341 572 1400 felicitate,
587 1356 660 1404 quam
670 1349 779 1404 prestare
788 1342 820 1391 de

150 1423 174 1455 se
185 1406 235 1471 ipso
249 1421 318 1454 nemo
328 1412 410 1470 potest,
422 1406 553 1454 meminisse
567 1414 590 1452 et
600 1420 779 1452 commemorare
789 1406 820 1455 de

151 1472 222 1519 altero
237 1486 366 1534 possumus,
383 1469 443 1516 sicut
457 1485 551 1533 aequum
561 1478 596 1517 est
605 1469 694 1517 homini
704 1469 734 1517 de
744 1479 821 1533 potes-

151 1543 198 1584 tate
209 1535 322 1594 Deorum,
337 1533 418 1581 timide
431 1542 454 1581 et
471 1549 545 1597 penca
560 1534 671 1582 dicamus.
687 1535 741 1596 Ego
757 1534 821 1582 enim

151 1600 185 1648 sic
200 1601 320 1648 existimo:
338 1597 455 1656 Maximo,
467 1598 589 1656 Marcello,
604 1598 714 1661 Scipioni,
731 1597 821 1658 Mario,

152 1674 175 1713 et
186 1665 271 1713 caeteris
282 1663 372 1726 mugnis
383 1663 567 1725 imperatoribus,
583 1677 630 1710 non
640 1662 716 1710 solum
727 1672 823 1726 propter

151 1729 269 1786 virtutem,
275 1728 314 1775 sed
321 1728 388 1774 etiam
398 1737 491 1790 propter
498 1727 624 1785 fornmam,
632 1727 716 1789 saepius
723 1725 824 1789 imperia

152 1794 270 1849 mandata,
279 1800 350 1855 etque
358 1791 470 1838 exereitus
481 1806 529 1838 esse
538 1790 679 1838 commissos.
693 1791 821 1840 Fuitenim

56 1857 58 1862 '
151 1856 251 1920 profecto
262 1855 401 1918 quibusdam
411 1855 509 1902 summis
517 1855 570 1903 viris
580 1855 688 1918 quaedam
698 1854 728 1902 ud
736 1855 822 1918 ampli„

151 1920 257 1968 tudinem
268 1927 290 1966 et
298 1919 403 1982 gloriam,
414 1927 437 1966 et
447 1919 477 1967 ad
485 1935 520 1967 res
531 1933 627 1982 magnas
635 1921 693 1967 bene
700 1919 821 1982 gerendus,
842 1956 845 1967 ,

153 1983 263 2032 divinitus
271 1983 380 2045 adjuncta
390 1983 497 2031 fortuna:
514 1983 544 2030 de
552 1984 624 2044 hujus
631 1992 710 2031 autem
720 1983 822 2032 hominis

152 2048 269 2109 felicitate,
278 2047 360 2112 quode
370 2062 432 2095 nunc
442 2048 541 2111 agimus,
549 2049 593 2095 hac
603 2056 656 2095 uter
665 2047 822 2096 moderatione

153 2113 252 2173 dicendi,
267 2128 314 2160 non
325 2121 352 2158 ut
362 2112 386 2159 in
396 2113 459 2160 illius
474 2120 585 2176 potestate
594 2112 711 2159 formnam
722 2112 822 2175 positam

153 2193 202 2225 csse
213 2177 297 2235 dicam,
308 2176 348 2224 sed
358 2184 385 2225 ut
394 2177 509 2240 praeterita
519 2175 659 2235 meminisse,
668 2175 758 2238 reliqua
770 2193 823 2240 spe·

153 2257 204 2290 rare
212 2242 347 2296 videamur3
364 2256 394 2288 ne
400 2241 521 2289 autinvisa
531 2241 584 2288 Diis
594 2240 763 2288 immortalibus
772 2256 824 2289 ora·

154 2308 187 2356 tio
197 2315 283 2366 nostra,
295 2314 336 2353 aut
345 2305 444 2368 ingrata,
457 2321 505 2352 esse
515 2305 626 2352 videatur.

186 2372 270 2434 Itaque
285 2385 331 2418 non
346 2385 398 2416 sum
414 2369 587 2432 predicaturus,
598 2368 711 2427 Quirites,
724 2378 824 2432 quantos

153 2437 193 2483 ille
204 2451 239 2483 res
250 2435 314 2482 domi
324 2433 467 2496 militiaeque,
484 2431 542 2479 terri
556 2432 669 2495 murique,
688 2434 824 2497 quantique

153 2500 262 2546 felicitate
276 2497 386 2560 gesserit:
404 2505 431 2542 ut
441 2497 492 2557 ejus
507 2511 598 2558 semper
608 2497 766 2544 voluntatibus
776 2511 824 2545 non

153 2562 223 2611 modo
239 2561 299 2610 cives
314 2560 457 2621 assenserint,
474 2559 529 2608 sodi
542 2561 730 2623 obtempertrint,
747 2562 824 2610 hostes
