1850 2909
145 73 176 120 ro
280 72 320 161 ru
336 70 486 121 venenu
502 71 549 121 v1.
566 71 665 122 crue.

135 198 220 260 teribo,
231 201 420 265 quotiescumque
434 200 578 249 Panormum
588 199 676 248 venum
689 198 731 246 illo
746 211 817 247 anno

139 272 163 311 et
177 278 217 311 sex
227 265 353 325 mensibus,
364 268 430 320 (nam
439 264 530 313 mmdiu
539 264 586 311 fuit
595 264 620 315 iu
633 278 722 312 carcere
731 262 814 325 Apol-

134 327 226 386 lonius)
241 330 307 377 toties
324 330 354 377 ad
370 338 393 377 te
409 338 515 377 senonim
526 329 717 376 Panonnitanum
732 326 814 375 adime

136 392 753 521 lillffffltoimulli'ffllmfflbllli
762 406 813 503 ll}

139 520 208 568 miser
218 530 288 586 etque
297 523 405 571 innocens
416 521 545 569 calamitate
554 520 741 569 illiliberaretur.
758 519 810 566 Re-

137 583 244 647 linquam
254 586 304 634 hmo
313 586 406 635 omniur
424 602 478 649 ques
487 585 507 633 si
523 584 593 633 uelim
609 584 723 647 persequi,
739 583 810 631 facile

138 648 266 709 ostendam,
279 651 320 697 tud
330 651 463 699 crudelitate
473 650 498 697 iu
508 650 573 708 elios,
587 663 667 696 omnes
677 648 721 695 tibi
729 646 809 695 adime

140 712 300 762 misericordie
308 715 415 775 judicum
422 714 563 778 jampridem
573 728 621 761 esse
631 712 759 776 preelusos.

170 776 218 824 IX.
235 778 324 827 Omnis
340 779 412 842 igitur
428 777 611 826 eormredum
629 776 807 825 strenuam:

138 840 253 903 provideo
263 842 333 902 enim,
345 843 402 906 quid
416 842 445 890 sit
455 842 590 890 defensurus
600 841 744 889 Hortensius.
761 839 810 887 us.

139 905 233 965 tuebitur,
248 907 311 969 apud
325 908 396 955 istum
406 922 482 970 neque
492 914 631 954 senectutem
641 904 720 969 patris,
730 918 809 967 neque

139 968 314 1018 adolescentiam
331 972 382 1032 filii,
393 986 469 1034 neque
480 971 592 1033 lacrymas
608 970 736 1032 utriusque,
753 968 809 1030 plus

137 1034 245 1093 uoluisse,
273 1052 346 1099 quem
366 1036 490 1083 utilitatem
514 1035 657 1097 salutemque
676 1032 808 1095 provinciae.

139 1096 396 1163 Dicet,rempublieam
403 1098 612 1147 administrarisine
619 1106 683 1145 metu
691 1096 810 1144 moereri-

139 1169 186 1208 tate
200 1176 247 1209 non
257 1178 329 1226 posse.
348 1160 452 1223 Quaeret,
464 1165 615 1226 quemobrem
624 1162 695 1209 fasces
705 1160 810 1226 praetori·

139 1226 184 1272 bus
194 1226 352 1288 preferuntur,
363 1244 404 1275 eur
415 1242 503 1275 secures
513 1227 582 1285 dota,
592 1242 635 1273 cur
649 1235 724 1273 eereer
734 1224 810 1271 arditi-

139 1297 212 1349 cous,
221 1306 264 1338 cur
274 1300 308 1339 tot
318 1292 430 1357 supplicia
440 1291 520 1339 sintin
530 1291 646 1353 improbos
656 1305 720 1337 more
733 1289 810 1349 majo-

140 1368 194 1400 rum
204 1355 345 1404 constitute?
361 1356 424 1415 Quae
431 1370 485 1414 cum
495 1355 574 1403 omnia
581 1353 679 1417 graviter
686 1365 811 1415 severeque

140 1416 239 1476 dixeritr
266 1436 377 1483 queram,
396 1436 438 1469 cur
454 1421 518 1467 hunc
534 1419 642 1467 eumdem
653 1417 811 1486 Apollonium

140 1480 225 1531 Verres
235 1483 306 1543 idem,
325 1494 426 1548 repente,
443 1484 511 1531 nulli
528 1484 632 1531 noviore
646 1482 725 1539 allati,
742 1480 811 1528 nullu

140 1544 278 1608 defensioue,
296 1548 345 1597 sine
363 1550 440 1608 causi,
458 1548 488 1596 de
503 1563 591 1596 caruere
607 1546 681 1594 emitti
695 1544 810 1607 jusserit?

140 1617 277 1675 tantumque
287 1614 312 1659 in
322 1615 365 1661 hoc
375 1614 471 1661 crimine
480 1612 613 1676 suspicionis
623 1626 671 1659 esse
680 1610 810 1668 affirmabo,

139 1682 168 1721 ut
183 1677 234 1735 Jem
254 1677 309 1739 ipsis
324 1678 448 1738 judicibus,
466 1676 516 1723 sine
533 1676 586 1723 meis
604 1673 811 1738 argumentatione,

140 1740 294 1799 conjecturem
303 1741 377 1789 fecere
386 1742 527 1804 perusinam,
543 1740 605 1803 quod
615 1740 659 1787 hoc
668 1754 740 1802 genus
745 1741 811 1800 'pre-

139 1801 220 1861 dandi,
232 1819 303 1867 quam
313 1805 455 1868 improbum,
467 1820 539 1867 quam
548 1804 679 1866 indignum,
692 1816 812 1865 quumque

141 1866 172 1913 ed
182 1868 364 1929 magnitudinem
375 1873 476 1933 quaestus
485 1869 625 1917 immensum
635 1867 808 1929 infinimmque,

142 1945 191 1978 esse
201 1932 312 1980 videatur.

174 1996 200 2042 N
200 2010 239 2043 um
245 2012 305 2059 qum
309 1997 351 2046 ists
361 1998 386 2045 in
397 1998 525 2062 Apollonio
535 1998 597 2059 feeit,
605 2013 633 2045 es
641 1996 745 2059 primum
755 1997 811 2043 bre-

140 2058 198 2107 viter
216 2062 351 2134 cognoscite,
369 2072 426 2138 quot
442 2071 466 2111 ec
482 2072 570 2137 quanto
585 2062 645 2110 unta
662 2060 749 2135 tunde.
760 2059 811 2133 heo

139 2124 262 2236 ‘unm
273 2126 579 2255 nummu
585 2124 812 2246 ἸἸἸἸἸἸἸ

142 2253 229 2301 cutem
244 2254 377 2304 formidines
394 2256 506 2303 similium
521 2254 813 2315 incommodorumque

143 2318 249 2380 exempla
266 2320 427 2382 periculorum,
442 2329 629 2384 proponerentur.
652 2318 759 2365 Primum
774 2316 811 2364 in-

71 2436 73 2443 ·
142 2380 260 2430 simrdetio
277 2392 311 2431 est
328 2385 446 2447 repentina
461 2385 565 2449 capitalis
574 2392 643 2447 utque
652 2382 758 2429 invidiosi
767 2381 812 2428 cri·

143 2446 228 2494 minis:
245 2448 356 2510 (statuite,
367 2450 448 2513 quanti
457 2450 502 2497 hoc
512 2448 605 2513 putetis,
617 2455 639 2495 et
646 2446 812 2509 quammultos

143 2510 288 2582 redemisser)
305 2510 387 2561 deinde
397 2512 484 2562 crimen
495 2514 544 2562 sine
553 2520 690 2571 reumtore,
700 2510 812 2559 sententis

141 2586 190 2623 une
206 2576 308 2639 mosilio,
325 2576 443 2627 mmustio
461 2579 510 2628 sine
528 2576 670 2627 detennomz
688 2579 700 2630 (
741 2574 747 2585 ’
