1850 2909
223 59 263 110 IN
280 59 427 113 VERREM
443 62 491 111 Vl.
506 62 572 113 Cat*
582 62 632 111 2⁰·
727 61 761 119 27

90 188 407 266 mmvidetnemmdequo
421 191 562 255 mpplhium
577 188 762 265 sumicpoehiit

90 253 216 318 Hodieque
221 269 301 303 omnes
309 255 582 331 sichahentpermasum,
590 254 685 317 (quid'
665 270 715 316 qm
722 254 761 314 ιίι,

91 332 132 365 vos
142 319 273 379 conjecmrd
284 335 377 383 quoque
387 336 478 387 assequi
469 318 602 395 debetis)
595 326 666 367 mmm
676 319 737 367 clam
747 333 762 367 a

91 382 171 445 piratis
180 385 212 430 ob
196 383 286 431 bhunc
296 381 458 448 mcldpiratam
464 384 587 447 pecuniam
594 383 713 447 accepisse

121 446 221 495 XXVI.
239 446 499 509 Gonjectumbouaest.
524 448 605 497 Judex
621 461 669 495 esse
685 449 761 495 honus

91 510 763 647 ξιξξξξηὲωηξξηξξξξξξξξωηξῗ

94 653 134 700 qm
126 638 227 687 ducem
238 639 374 703 predonum
384 650 426 689 aut
434 593 538 689 hoedum
547 639 639 703 ceperit,
650 654 722 702 quam
732 639 762 686 li·

94 702 762 778 hentereumpalamanteoculosomniumessepatiamr

96 764 235 815 Hominem'
228 783 254 815 ιιι
261 776 326 816 tanto
333 778 446 817 conventu
454 769 572 832 Syracusis
579 768 627 816 vidi
633 768 761 829 neminen,

92 829 185 891 judiees,
196 846 240 895 qut
231 832 411 895 archipiratam
422 842 517 897 ceptum
532 833 614 881 vidisse
625 849 648 881 se
659 832 760 889 dicarem

94 908 146 941 cum
156 911 246 956 omnes,
257 904 285 943 ut
294 912 345 945 mos
355 906 397 957 est,
413 906 441 945 ut
451 898 508 945 solet
522 896 580 958 fieri,
595 904 761 956 concurrerent,

94 970 228 1021 quaererent,
240 959 317 1008 videre
328 970 442 1023 cuperent.
459 962 526 1020 Quid
536 961 625 1020 accidit,
634 976 675 1007 em
685 968 761 1007 tanto·

93 1037 144 1085 pere
153 1024 196 1071 iste
206 1024 278 1073 homo
288 1025 446 1085 occultaretur,
457 1035 485 1073 ut
495 1041 550 1073 eum
560 1040 590 1073 ne
602 1040 656 1072 eam
665 1022 761 1097 qmdem

94 1086 215 1151 quisquam
221 1088 338 1162 ndspieere
345 1092 444 1163 posset?
453 1090 568 1137 Homines
574 1088 685 1137 maritimi
677 1087 761 1150 Syra·

94 1152 160 1213 mais,
178 1153 222 1215 qui
236 1168 297 1227 sape
310 1152 375 1201 istius
392 1150 457 1201 ducis
471 1168 556 1201 nomen
566 1152 692 1213 audissent,
707 1166 762 1200 mm

94 1230 146 1263 mm
157 1233 218 1279 saepe
228 1217 367 1277 timuissent,
385 1233 439 1265 cum
454 1219 504 1279 ejus
514 1218 616 1265 cruciatu
626 1225 696 1279 atque
706 1232 763 1279 sup-

94 1279 160 1341 plicio
169 1297 263 1343 pascere
270 1281 356 1340 oculos,
367 1282 518 1356 animumque
525 1291 655 1329 exsatmare
662 1281 761 1338 vellent3

94 1353 190 1406 potestas
201 1344 341 1408 adspiciendi
351 1346 438 1393 nemim
430 1346 509 1393 lacta
519 1355 560 1393 est.

124 1409 192 1457 Unus
203 1410 281 1472 plures
291 1410 426 1473 praedonum
437 1410 536 1459 duces
515 1425 578 1459 vrvos
588 1410 648 1473 cepit
663 1409 692 1457 P.
708 1410 761 1457 Ser-

95 1472 167 1547 vilius,
172 1489 246 1536 quam
252 1488 331 1521 omnes
337 1483 411 1523 antea.
422 1474 565 1537 Ecquando
557 1475 628 1538 igitur
635 1470 762 1522 istofruetu

95 1536 219 1649 ξξξξ
226 1538 669 1678 ξξηξξξξξξξξηξέξξ
676 1537 763 1662 llll:

95 1664 213 1713 dissimum
219 1667 375 1729 spectaculum
381 1668 489 1715 omnibus
494 1668 623 1717 vinctorum
630 1674 762 1729 captorum·

109 1746 137 1777 ue
145 1730 248 1779 hostium
258 1733 381 1793 prebebat
402 1732 455 1795 Iteq
455 1747 485 1779 ue
495 1732 517 1779 ei
527 1746 648 1779 concursus
659 1729 763 1793 undique
783 1775 785 1780 .

94 1746 185 1854 debant,
195 1803 223 1843 ut
233 1809 280 1843 non
290 1796 360 1843 modu
367 1812 396 1843 ex
405 1796 442 1843 his
415 1741 548 1859 taqoppidis,
556 1811 602 1875 qua
590 1793 759 1853 ducenannis,

94 1859 131 1907 sed
147 1860 217 1908 etiam
233 1874 263 1907 ex
280 1859 392 1919 finitimis,
410 1860 498 1909 visendi
511 1875 587 1919 causa,
606 1858 761 1908 convenirent.

155 1934 236 1973 autem
245 1924 377 1987 triumphus
391 1927 541 1987 quamobrem
557 1924 662 1971 omnium
677 1924 761 1971 trium-

93 1922 146 2051 pha
138 2004 190 2035 rum
201 1988 343 2051 gratissimus
354 1989 439 2063 pqpulo
454 1989 563 2037 Romano
574 1987 621 2036 fuit
636 1997 706 2051 atque
720 1988 761 2048 ju·

95 2052 263 2101 mundissimus?
252 2053 351 2110 lQuia
361 2052 421 2099 nihil
431 2061 466 2100 est
475 2052 569 2101 victorii
582 2052 679 2101 dulcius.
696 2052 761 2099 Nul-

94 2116 142 2164 lum
157 2124 191 2164 est
205 2125 284 2165 autem
295 2116 452 2165 testimonium
462 2117 562 2165 victorie
575 2117 666 2176 certius,
678 2132 759 2180 quam,

96 2196 221 2295 ἓιὲιέιὲὲερε
229 2181 345 2261 metueris,
354 2196 392 2229 eos
400 2189 423 2229 te
433 2180 701 2245 vinctesadmpplicium
708 2180 762 2248 dud

125 2309 176 2360 Hoc
186 2317 212 2357 tu
223 2311 373 2373 quamobrem
388 2324 435 2357 non
452 2310 545 2359 fecisti?
562 2312 712 2373 quamobrem
727 2308 761 2353 ita
832 2309 834 2312 '

97 2373 136 2425 late
150 2373 222 2437 pirata
241 2375 326 2422 celatus
344 2382 386 2433 est,
404 2375 472 2437 qussi
490 2390 545 2422 eum
563 2374 678 2446 adspicere
696 2370 761 2416 nefas

97 2440 168 2491 eset?
184 2440 334 2501 quamohrem
345 2439 485 2517 supplitipm
495 2454 542 2487 non
553 2436 672 2488 sumsisti?
689 2446 761 2503 quam

97 2504 125 2551 oh
135 2516 223 2551 musam
234 2502 352 2557 hominem
368 2502 504 2553 nescivisti?
521 2515 617 2572 ecquem
632 2493 742 2543 audisti
735 2508 761 2539 m

97 2565 170 2623 W
185 2575 252 2620 antes
269 2574 363 2633 captum
379 2566 551 2631 archipiratam,
565 2562 608 2625 qui
623 2572 671 2605 non
690 2554 763 2603 securi
