1850 2909
198 88 267 138 eno
283 88 375 138 nnon
392 87 557 157 usurum
571 64 639 136 on».
658 86 696 135 ro
738 83 785 132 rso

113 215 652 346 idisffiigffiqffiffli
661 213 787 341 titt:

115 361 170 393 rum
181 348 279 408 majores
289 347 434 394 Antiochum
444 361 523 408 regem
532 346 604 393 desse
610 344 741 405 Persenque
747 357 787 388 su·

114 411 236 473 perirunt,
246 412 400 475 omnibusque
418 411 539 458 navalibus
550 408 635 473 pugnis
643 405 789 468 Carthagini-

116 489 191 534 enses,
207 475 312 522 homines
327 477 351 522 in
368 475 490 524 maritimis
505 475 574 521 rebus
588 471 787 520 exercitatissimos

115 539 326 603 pmtissimosque,
338 540 449 598 vicerunt,
461 539 479 585 ii
489 539 555 586 nullo
565 538 590 584 in
599 537 651 585 loeo
662 537 713 596 jum
727 549 788 598 prie-

114 603 217 650 donibus
224 619 289 667 pares
296 619 343 652 esse
348 613 487 668 poteramus.
505 603 556 650 Nos
564 616 665 666 quoque,
672 599 714 664 qui
720 607 788 646 antee

115 681 165 714 non
175 668 244 716 modo
255 667 348 716 ltaliam
359 679 434 716 tutem
445 667 596 727 habebamus,
608 665 648 713 sed
658 679 738 713 omnes
751 678 788 710 so·

115 731 164 779 cios
174 731 199 778 in
210 733 298 780 ultimis
309 733 353 780 oris
368 732 502 781 auctoritate
517 731 589 779 nostri
604 729 696 794 imperii
712 729 788 776 salvos

115 805 224 859 prestare
240 805 386 860 poteremus3
410 805 472 854 tum,
488 811 543 844 eum
558 795 635 842 insule
649 794 722 842 Delos
737 801 788 840 tem

115 860 196 970 procul
205 876 220 908 s
230 861 295 909 nobis
304 862 329 908 in
340 861 425 924 AEgaeo
434 861 494 908 meri
503 859 586 924 posite,
597 873 645 923 quo
655 873 735 906 omnes
742 872 789 905 un·

134 923 188 988 ‘que
199 939 252 972 cum
260 926 374 974 mercibus
382 935 452 989 etque
460 925 568 973 oneribus
574 924 743 980 oommesbrnt,
751 937 789 969 re·

114 987 176 1036 ferta
186 988 279 1048 divitiis,
290 1005 370 1053 parve,
382 991 430 1038 sine
440 1003 509 1036 muro
518 988 578 1036 nihil
588 988 700 1043 timebst3
716 986 788 1034 iidem

115 1067 164 1100 non
175 1053 244 1101 modo
255 1055 385 1116 provinciis,
397 1063 467 1118 etque
477 1053 523 1101 oris
533 1053 608 1100 Italia
618 1051 749 1108 maritimis,
760 1065 788 1098 ro

114 1119 229 1180 portubus
240 1119 330 1178 nostris,
342 1119 382 1167 sed
396 1119 466 1166 etiem
479 1117 561 1182 Appii
572 1118 624 1177 jem
639 1115 679 1163 rii
694 1117 787 1163 uerebo-

115 1195 185 1229 must
203 1189 226 1229 et
236 1182 272 1230 his
283 1184 425 1246 temporibus
433 1198 479 1230 non
485 1181 587 1245 pudebot
592 1179 788 1243 megistntuspo·

114 1245 167 1308 puli
177 1247 288 1307 Romani,
304 1247 329 1294 in
340 1247 403 1296 hunc
413 1247 491 1312 ipsum
501 1247 578 1294 lomm
592 1244 720 1304 eseendere,
729 1259 787 1292 eum

114 1325 171 1358 eum
182 1311 247 1358 vobis
257 1312 356 1373 majores
366 1313 435 1360 vestri
443 1310 532 1359 exuviis
542 1309 669 1358 nauticiset
677 1309 787 1356 domium

114 1375 194 1438 spoliis
203 1385 312 1423 ornentur
321 1376 473 1440 reliquissent.

147 1438 221 1487 XIX.
238 1441 306 1488 Bono
316 1449 340 1488 te
350 1441 428 1488 anituo
438 1452 499 1498 tum,
511 1439 543 1498 Q.
556 1437 676 1497 Hortensi,
687 1438 789 1502 populus

116 1501 246 1564 Romanus,
258 1512 281 1552 et
292 1514 383 1552 caeteros
398 1505 440 1569 qui
454 1513 519 1552 erem
534 1504 559 1550 in
570 1503 650 1552 eisdem
666 1502 787 1561 sententiis,

116 1566 190 1615 dicere
201 1569 341 1616 existimavit
349 1585 383 1626 ea,
393 1585 445 1633 quoe
453 1568 598 1616 sentiebatis:
616 1565 657 1614 sed
667 1575 753 1622 tamen,
762 1566 788 1612 in

117 1631 190 1680 salute
203 1634 331 1692 communi,
342 1634 404 1680 idem
415 1634 516 1697 populus
530 1632 652 1680 Romanus
662 1629 735 1677 dolori
745 1645 789 1677 suo

117 1696 208 1756 meluit,
236 1713 293 1744 uem
307 1698 436 1745 auctoritati
451 1706 540 1756 vestrae,
556 1697 720 1758 obtemperare.
738 1693 787 1741 Its·

117 1775 163 1823 que
172 1713 278 1820 unctior,
290 1777 351 1810 uuus
361 1763 404 1820 vir,
421 1776 483 1809 unus
498 1775 581 1820 annus,
599 1774 646 1807 uon
660 1758 729 1806 modo
745 1773 788 1806 nos
849 1780 854 1803 t

116 1823 158 1871 tut
174 1825 265 1873 miserit
280 1842 307 1874 oc
323 1826 466 1889 turpitudine
481 1824 602 1880 liberavitr
619 1823 742 1872 sedetiam
754 1823 789 1870 ei-

116 1887 177 1944 fecit,
190 1897 217 1936 ut
227 1891 352 1954 aliquando
361 1907 414 1938 vere
424 1890 555 1938 videremur
564 1889 673 1937 omnibus
679 1889 788 1952 gentibus

117 1967 144 2000 re
155 1953 286 2003 notionibus
297 1955 356 2002 terri
366 1955 472 2017 merique
481 1953 600 2018 imperare.

150 2017 205 2076 Quo
213 2018 272 2065 mssii
279 2019 348 2066 etiem
357 2019 475 2082 indignius
483 2019 574 2066 videtur
581 2021 732 2066 obtrectatum
740 2031 789 2064 esse

117 2079 201 2140 adhuc,
214 2082 314 2130 Gabinio
325 2083 409 2141 diuam,
421 2097 482 2130 anne
496 2082 616 2146 Pompeio,
632 2098 664 2129 en
677 2081 787 2145 utrique?

117 2145 161 2204 tid,
176 2147 239 2211 quod
254 2156 288 2194 est
298 2147 384 2206 verius)
402 2162 431 2194 ne
445 2147 560 2210 legeretur
569 2147 602 2195 Α.
613 2147 729 2195 Gabinius
740 2146 785 2193 Cn.

116 2209 229 2274 Pompeio
245 2211 361 2275 expetenti
377 2227 404 2258 se
419 2211 554 2275 postulanti.
575 2213 663 2260 Utrum
678 2211 726 2270 ille,
744 2209 786 2273 qui

115 2275 217 2337 postulat
227 2276 330 2338 legatum
341 2275 371 2322 od
381 2285 474 2324 tantum
484 2277 659 2340 bellum,qnem
666 2275 729 2331 velit,
737 2273 787 2320 ido-

115 2353 173 2385 neus
181 2353 228 2386 non
240 2348 282 2398 est,
290 2340 331 2403 qui
342 2340 457 2404 impetret,
464 2342 609 2398 wmeaeteri,
616 2336 788 2400 adexpilundos

116 2403 187 2450 socios
198 2403 383 2468 diripiendasque
393 2404 530 2468 provincias,
544 2404 602 2467 quos
613 2403 744 2457 voluerunt,
752 2401 787 2448 le-

114 2475 180 2529 getur
186 2467 326 2525 eduxerint3
344 2484 374 2516 en
382 2469 439 2532 ipse,
445 2471 513 2530 eujus
523 2469 574 2529 lege
585 2467 680 2514 selussc
687 2463 787 2526 dignitas
837 2482 839 2489 ·

113 2532 201 2594 populo
215 2533 324 2580 Romano
338 2541 408 2596 etque
422 2532 531 2580 omnibus
544 2530 654 2592 gentibus
666 2528 790 2575 eonstitute

114 2603 157 2655 est,
169 2611 251 2661 expers
261 2612 310 2646 esse
320 2597 388 2646 debet
402 2597 481 2660 glorie
493 2595 545 2656 ejus
559 2591 704 2655 imperatoris
717 2599 788 2654 stque
