1850 2909
133 76 178 124 reu
265 77 336 128 nno
352 77 544 131 crunnum.
561 79 626 129 cn.
642 82 667 128 u
756 145 759 147 Α

163 201 194 250 ν.
210 204 244 254 A.
256 205 379 256 Cluentius
393 207 480 256 Avitus
492 208 547 268 nu,
563 217 629 273 puer
643 209 750 270 huiusne,
764 209 808 270 5¹1·

130 267 202 327 dieea,
213 269 284 318 hemo
295 287 342 318 non
353 271 429 322 aulum
439 273 562 338 municipii
573 273 698 332 Larinatis,
716 289 746 321 ex
756 289 807 338 quo

129 341 187 390 erat,
204 334 244 382 sed
259 335 329 384 etiam
343 336 442 398 regionis
458 335 523 385 illius
533 348 557 386 et
567 337 698 397 vicinitatis,
709 338 805 396 virtute

129 397 306 459 existimatione,
329 401 455 459 nobilitate,
478 401 545 450 facile
566 403 678 466 prinnepa.
704 403 731 450 Ia
747 417 806 450 cum

131 471 189 512 esset
199 471 314 524 mortuui,
325 463 391 513 snut
402 473 425 512 et
435 466 549 529 Pompeio
559 467 700 526 consulibua,
709 466 805 529 reliquit

129 523 193 574 hune
213 543 286 576 annoa
302 527 435 593 quindecim
450 539 542 589 natum,
558 531 670 594 grandem
686 540 765 578 autem
780 539 805 578 et

129 591 235 640 nubilem
253 593 342 650 liliam
365 609 426 657 que,
448 595 514 643 brevi
532 605 637 658 tempore
658 605 711 659 post
732 595 806 658 patria

129 665 238 714 mortem,
253 657 333 720 nupsit
350 659 384 706 A.
401 659 479 706 Aurio
494 659 594 718 Melino,
605 659 741 708 eonaobrino
751 674 804 719 eno,

129 718 265 768 adolescenti
275 721 300 770 in
310 721 392 786 prinda
406 728 444 776 (ut
458 731 511 770 tum
525 725 663 785 habebatur)
678 725 739 772 inter
749 739 804 772 euoa

128 791 151 830 et
161 783 257 832 honeste
268 795 290 834 et
301 786 379 834 nobili.

161 847 225 896 Cum
241 858 315 900 essent
331 851 368 900 he
383 851 474 916 nuptiae
488 853 564 916 plene
578 850 706 916 dignitatis,
726 851 803 915 plene

127 913 262 973 eoneordire,
280 925 373 980 repente
389 924 423 964 eet
447 926 527 965 exorta
542 916 647 964 mulieris
662 917 803 979 inportune

127 976 216 1026 nefaria
237 978 318 1040 libido,
342 995 389 1028 nen
406 980 483 1029 solum
499 981 617 1042 dedeeore,
634 995 716 1028 verum
732 979 805 1028 etiam

126 1042 219 1102 scelere,
231 1045 360 1106 coniuncte
377 1046 443 1094 Nem
513 1046 519 1057 “
553 1053 629 1093 mater
642 1045 713 1105 buius
723 1043 801 1103 Aviti,

126 1106 311 1165 (materenima
326 1125 373 1170 me,
388 1109 490 1159 nominis
560 1110 569 1127 “
599 1109 802 1158 tametaiinbune

125 1169 204 1223 hoatili
222 1172 276 1221 odie
290 1182 313 1222 et
329 1174 462 1223 erudelitate
478 1182 522 1234 eat,
535 1184 618 1235 mater,
635 1175 742 1237 inquam,
756 1189 802 1236 ap-

124 1235 264 1297 pellabitur:
281 1252 358 1302 neque
375 1255 483 1305 unquam
498 1240 541 1287 illa
557 1239 591 1287 ita
608 1239 637 1286 de
654 1254 696 1286 auo
716 1237 801 1287 melete

125 1306 149 1347 et
169 1299 314 1350 immanitate
330 1302 417 1362 audiet,
439 1312 468 1352 ut
482 1312 572 1352 nature
590 1317 676 1351 nemen
690 1302 799 1350 amittate

126 1378 174 1426 quo
189 1365 251 1412 enim
268 1366 346 1429 ipsum
365 1382 450 1415 nomen
466 1368 582 1416 amantius
596 1366 802 1430 indulgentiusque

125 1437 266 1490 maternum,
285 1429 329 1479 hoc
343 1431 406 1480 illiue
420 1433 509 1491 matria,
523 1447 577 1497 quae
591 1431 678 1479 multoe
692 1431 743 1492 jorn
756 1445 800 1478 an·

125 1505 176 1551 noa,
198 1503 222 1542 et
242 1509 305 1543 nune
330 1510 385 1544 cum
409 1497 521 1557 maxime,
549 1496 626 1543 filium
652 1495 801 1543 interiectum

125 1557 199 1620 cupit,
219 1559 336 1623 singulare
353 1560 434 1622 scelus,
456 1562 545 1622 majore
565 1560 618 1608 odio
634 1559 734 1622 dignum
751 1575 801 1608 eaae

125 1620 224 1684 ducetis)
240 1639 267 1672 ea
283 1624 355 1687 igitur
369 1633 443 1674 mater
452 1626 530 1684 Aviti,
541 1623 628 1673 Melini
636 1624 701 1672 illius
710 1623 801 1672 adolea-

126 1688 206 1746 cerer,
217 1690 295 1752 generi
305 1688 350 1746 eui,
359 1698 438 1738 unntn
446 1706 518 1753 quam
525 1689 562 1737 faa
569 1698 713 1750 eree-amore
720 1697 798 1752 napta,

124 1750 210 1812 primo,
221 1753 332 1816 nequeid
342 1753 419 1818 iprum
436 1754 487 1813 diu,
503 1771 536 1818 qu
566 1752 682 1802 uomodo
698 1762 797 1816 poterat,

124 1813 149 1860 in
166 1814 207 1863 illd
225 1817 350 1879 cupiditate
365 1819 539 1867 eontinebatur:
573 1817 640 1866 einde
652 1817 685 1865 ita
700 1818 801 1880 flagrare

126 1878 194 1942 erepit
204 1879 313 1941 amentid‚
325 1883 357 1930 sin
367 1882 512 1932 inflammata
522 1882 577 1931 ferri
591 1881 696 1942 libidine,
708 1891 735 1929 ut
746 1897 800 1929 eam

125 1957 172 1990 non
186 1943 269 2006 pudor,
287 1959 335 1993 non
352 1947 472 2010 pudicitia,
485 1963 533 1995 non
547 1947 629 2011 pietat,
645 1961 692 1993 nnn
706 1945 801 1994 macula

124 2007 227 2067 familie,
243 2023 290 2058 non
307 2011 430 2059 hominum
447 2012 519 2070 fama,
538 2026 584 2059 non
602 2009 645 2058 filii
658 2011 733 2071 dolor,
750 2024 799 2058 non

124 2071 178 2120 filiae
189 2087 279 2133 moeror,
291 2090 306 2122 a
316 2076 440 2140 cupiditate
450 2085 573 2124 revocaret.

155 2137 273 2186 Animum
294 2140 450 2199 adolescentis,
473 2140 578 2188 nondum
597 2138 690 2187 eonailio
709 2154 737 2187 ae
758 2155 796 2187 ra-

125 2201 187 2250 tinne
203 2203 332 2262 firmatum,
345 2206 441 2268 pellexit
454 2205 483 2253 iia
497 2205 605 2252 omnibua
620 2206 698 2262 rebua,
710 2203 797 2266 quibua

124 2267 165 2316 illa
183 2276 238 2315 etas
257 2267 308 2333 eapi
326 2285 352 2318 ac
371 2270 466 2318 deleniri
484 2277 566 2334 potest
590 2268 660 2326 Filia,
677 2283 732 2332 quae
748 2283 797 2316 non

123 2333 201 2378 nolum
221 2332 261 2380 illo
277 2335 396 2382 communi
412 2335 492 2382 dolore
509 2333 617 2380 muliebri
634 2333 659 2379 in
680 2333 796 2393 ejusmodi

122 2395 166 2443 viri
181 2396 272 2456 injuriia
289 2407 418 2460 ungeretur,
430 2399 470 2446 sed
484 2397 599 2445 nefarium
609 2397 690 2444 matria
700 2397 795 2460 pellim-

122 2467 174 2506 tum
187 2460 245 2508 ferre
262 2476 309 2508 non
324 2471 409 2524 ponaet,
421 2462 450 2510 de
465 2477 512 2525 quo
522 2475 552 2508 ne
562 2460 629 2524 queri
638 2460 734 2524 quidem
744 2461 796 2508 aine

120 2521 202 2570 acelere
216 2538 240 2571 se
256 2539 322 2588 pesae
333 2525 489 2583 arbitraretur,
500 2533 592 2573 ceteros
609 2523 646 2572 aui
662 2525 721 2573 tanti
732 2525 791 2573 mali
