1850 2909
641 197 653 227 b

295 462 339 529 ΙΝ
359 428 574 565 ovunouu
593 466 645 527 v1.
715 429 719 436 ’

169 606 190 658 Ι.
208 610 324 661 Nnnmu
343 612 409 661 video
426 611 525 660 dubium
548 625 605 670 esse,
623 609 721 672 judiees,
743 610 805 675 quin
885 636 891 643 ·

137 676 279 739 apertissime
295 678 323 725 G.
337 677 430 735 Verres,
447 676 472 722 in
483 675 569 734 sicilie,
581 690 645 722 sacro
659 675 806 740 profanaque

136 740 215 787 omnia
230 748 252 788 et
265 741 373 804 privatim
387 749 409 789 et
436 738 639 805 ublioelspoliiriu
655 749 745 805 versam
772 756 806 789 ue
877 788 880 794 ,

135 804 172 858 sit,
184 804 233 851 sine
243 805 300 864 uua,
312 820 358 853 non
369 757 438 853 modi>
448 804 565 866 religione,
576 819 657 851 verum
665 756 805 852 etismsdis-

135 866 288 930 emulatione,
300 870 324 917 in
335 870 399 927 omni
408 884 492 931 genere
498 868 591 915 furendi
597 876 667 931 atque
676 868 805 931 prendendi.

135 931 181 979 Sed
192 932 298 995 quodam
312 932 371 981 mihi
381 932 504 994 magnifiee
514 942 537 979 et
547 933 655 995 prnolnro
665 933 715 993 ejus
725 933 806 981 defen-

135 995 169 1042 sio
179 998 320 1053 ostenditur3
337 996 375 1045 cui
385 996 582 1061 quemadmodum
598 997 710 1055 resistam,
728 997 805 1045 multo

133 1060 193 1107 mibi
203 1069 264 1121 ante,
274 1061 370 1123 judiees,
380 1070 413 1109 est
423 1058 597 1123 providendum.
615 1060 653 1107 Its
662 1061 725 1108 enim
735 1069 806 1109 doust

135 1124 289 1185 consentino,
307 1125 448 1188 provinciam
459 1124 571 1185 Siciliam,
582 1124 666 1172 virtute
676 1125 726 1186 ejus
735 1134 758 1173 ee
768 1125 805 1174 vi-

133 1187 230 1249 gilanue
247 1188 366 1251 singulari,
384 1188 460 1237 dubiis
478 1188 675 1252 formidolosisque
693 1189 803 1253 tempori.

133 1252 187 1311 buo,
198 1268 212 1299 a
222 1252 325 1316 fugitivis
336 1261 406 1317 etque
415 1252 493 1301 sbelli
502 1252 608 1317 perieulis
618 1261 693 1300 tutam
702 1269 810 1302 mesor·

132 1323 217 1363 vatam.

165 1380 231 1439 Quid
241 1396 317 1443 agorn,
327 1381 434 1444 judices?
455 1397 503 1445 quo
516 1381 665 1430 ooeomtionis
679 1396 737 1431 meo
746 1378 801 1430 rsti-

135 1454 204 1492 onen
215 1445 350 1494 eonferam?
368 1462 415 1511 quo
424 1461 463 1493 me
473 1449 580 1496 vertam?
596 1445 638 1493 Ad
648 1461 727 1495 omnes
738 1446 801 1496 enim

132 1523 195 1557 meos
213 1508 322 1572 impetus,
340 1511 406 1574 quasi
422 1525 504 1558 murus
522 1509 627 1573 quidam,
644 1510 699 1558 boni
716 1526 801 1560 nomen

130 1572 273 1635 imperatoris
289 1575 419 1685 ορὲηἰωτ.
444 1574 508 1622 Novi
524 1575 617 1631 locum
639 1574 714 1635 video,
725 1576 766 1623 ubi
776 1592 801 1625 se

129 1637 258 1697 jactatums'
276 1636 305 1685 sit
350 1638 468 1686 ortensius.
492 1637 554 1686 Belli
571 1638 680 1702 pericula,
698 1648 806 1703 temporo-

131 1700 270 1763 reipublicae,
281 1700 445 1777 imperitorum
455 1702 585 1765 penuriam,
596 1705 801 1753 oommemorobitt

133 1772 184 1811 tum
202 1765 360 1831 deprecabrtm
370 1783 384 1814 a
395 1766 468 1826 vobis,
479 1773 531 1814 tum
548 1767 617 1814 etism
635 1783 676 1831 pro
691 1784 733 1816 suo
748 1770 802 1830 jure

130 1829 261 1891 contendet,
276 1844 306 1878 ne
322 1830 441 1894 patiamini
456 1832 527 1879 etiem
543 1830 703 1907 inperatorem
713 1833 802 1897 populo

130 1892 387 1943 Romano'Sioulorum
404 1894 539 1943 testimoniis
558 1897 630 1958 enpi3
654 1911 711 1944 neve
728 1897 801 1946 obteri

131 1956 225 2005 laudem
235 1959 404 2021 imperatoriam
416 1959 550 2007 criminibus
560 1958 660 2007 avaritie
670 1960 751 2009 velitis.

163 2022 220 2069 Non
235 2028 329 2086 possum
346 2024 497 2085 dissimulare,
512 2023 616 2084 judices:
639 2025 717 2084 timeo,
729 2040 760 2073 ne
769 2026 813 2075 0.·

129 2084 316 2150 Verrespropter
325 2087 501 2135 hnncvirtntem
512 2087 811 2151 eximiaminremilim-

127 2151 214 2211 omnio,
226 2166 279 2214 quae
289 2150 350 2209 fecit,
358 2151 454 2215 impune
464 2152 548 2200 fecerit.
560 2152 632 2200 Venit
640 2154 798 2202 enimmihiin

128 2223 240 2273 mentem,
247 2215 272 2263 in
278 2215 365 2276 judicio
372 2215 409 2262 M'
418 2215 528 2280 Aqmui,
534 2216 800 2279 quantumouetoritstis,

128 2287 243 2340 quantum
249 2280 369 2338 momenti,
378 2280 450 2327 oratio
459 2280 496 2327 M.
503 2279 601 2327 Antonii
607 2280 714 2329 babuisse
721 2282 802 2329 existi-

126 2351 190 2389 mato
196 2344 237 2401 sit3
249 2344 298 2407 qui,
304 2351 330 2390 ut
337 2344 567 2392 erotbrdioendonon
574 2344 649 2391 solum
656 2345 800 2409 sapiens‚sed

126 2405 196 2453 etism
213 2406 286 2467 fortis,
304 2407 373 2454 causi
383 2423 454 2471 prope
463 2406 575 2471 permoti,
593 2408 641 2470 ipse
651 2410 748 2473 erripuit
758 2410 799 2458 M·

125 2468 268 2532 Aquillium,
276 2470 437 2535 eonstituitque
444 2472 469 2517 in
476 2480 595 2533 oonspeom
602 2473 723 2531 ompium3
734 2475 798 2522 tuni.

124 2546 221 2599 eamque
235 2536 285 2599 ejus
295 2550 310 2585 s
319 2542 410 2599 pectore
420 2534 525 2597 abscidit,
535 2543 564 2586 ut
573 2534 687 2587 eones
695 2539 799 2604 populus
