1850 2909
254 87 324 137 PRO
340 85 530 136 GLUENTIO.
547 87 612 136 Car·
627 91 666 136 l'l.
748 89 797 144 179

123 213 223 277 ignorat.
247 215 295 264 His
305 215 418 264 Fabriciis
434 229 524 279 semper
537 231 594 263 usus
610 225 645 263 est
654 215 800 280 Oppianicus

122 279 310 328 familiarissime.
325 280 383 328 Jam
392 279 437 328 hoc
447 280 495 328 iere
509 280 572 327 scitis
584 295 673 339 omnes,
685 288 798 344 quantam

123 342 173 392 vim
183 342 275 402 habeat,
284 344 494 407 adconJ'ungendao
504 343 625 401 amicitias,
633 344 761 393 studiorum
772 362 800 394 ac

123 416 214 456 naturae
228 409 362 457 similitudo.
380 409 442 457 Cum
453 409 489 456 illi
503 409 537 456 ita
547 408 657 465 viverent,
668 418 696 457 ut
705 411 799 457 nullum

124 481 240 534 quaestum
251 481 343 536 turpem
359 489 407 522 esse
418 473 599 529 arbitrarenturt
616 487 671 520 cum
683 475 759 522 omnis
768 477 800 522 sb

123 536 162 584 his
171 537 243 597 fraus,
255 553 335 586 omnes
350 538 448 596 insidiae,
465 537 731 602 circumscriptionesque
744 539 800 587 ado-

123 601 261 650 lescentium
277 611 439 658 nascerenturr
457 617 559 665 cumque
574 610 649 649 essem
659 603 720 650 vitiis
729 612 801 667 atque

123 665 272 729 improbitate
288 667 397 716 omnibus
418 665 484 723 noti3
510 665 610 714 smdiose
627 669 668 728 (ut
686 665 747 728 diri)
769 667 800 715 od

122 743 204 778 eorum
215 730 433 792 seirmiliaritatem‚
445 731 584 792 multiajam
594 739 648 778 unte
658 733 734 794 annis,
746 731 799 796 Op-

120 794 227 858 pinnicus
234 794 368 859 applicimt
665 830 667 834 ,

157 857 241 922 Itaque
252 869 304 907 tum
312 859 344 908 sic
351 859 441 919 sumit,
449 874 491 922 per
502 860 532 906 C.
543 859 678 908 Fabricium
689 864 756 913 (nam
766 861 797 910 Ia.

123 932 174 972 erat
190 922 308 986 mortuus)
324 923 417 972 insidias
435 924 508 972 Avito
523 938 663 987 comparare.
688 924 747 973 Erat
756 927 798 974 illo

122 997 228 1052 tempore
238 988 332 1036 infirmi
342 988 473 1036 valetudine
483 988 584 1036 Avitus:
601 990 711 1036 utebatur
718 999 797 1038 autern

121 1053 213 1102 medico
227 1052 334 1116 ignobili,
349 1053 390 1100 aed
407 1061 509 1116 spectato
518 1052 621 1112 homine,
634 1051 796 1116 Cleophanto:

123 1119 191 1179 cujus
211 1132 304 1165 servum
323 1116 454 1180 Diogenem
476 1117 604 1176 Fabricius,
626 1117 657 1164 ad
683 1132 798 1166 venenum

121 1182 196 1230 Avito
202 1181 316 1241 dandum,
323 1197 363 1244 spe
371 1190 394 1228 et
401 1181 476 1245 pretio
483 1182 603 1230 sollicitare
612 1181 687 1245 coepit.
704 1183 798 1244 Servus,

122 1261 170 1322 non
180 1246 312 1306 incallidus,
319 1245 359 1294 sed
370 1244 645 1321 (utipearesdeclararit)
654 1246 717 1309 frugi
727 1256 798 1312 utque

120 1310 566 1438 immedendi
572 1309 799 1424 iiiiii&

123 1448 159 1487 eat
168 1439 266 1487 locutus.
284 1439 369 1487 Avitus
379 1439 457 1487 statim
468 1455 523 1486 cum
534 1438 573 1485 Μ.
582 1439 669 1486 Bebrio
683 1449 795 1499 senatore,

122 1503 302 1551 familiarissimo
315 1519 365 1563 suc,
374 1503 567 1561 communicavit3
577 1502 620 1565 qui
635 1500 682 1566 qui
688 1503 742 1561 fide,
749 1505 798 1566 quie

122 1567 256 1632 prudentiis,
269 1567 316 1632 qui
330 1567 442 1632 dignitate
452 1567 531 1625 fuerit,
543 1566 677 1614 meminisse
686 1581 726 1614 vos
736 1568 799 1615 arbi-

122 1641 178 1680 tror.
195 1631 227 1680 Ei
236 1633 332 1696 placuit,
341 1642 369 1680 ut
379 1631 511 1696 Diogenem
522 1631 607 1678 Arima
614 1640 720 1678 emereta
727 1630 798 1680 Cleo-

122 1696 222 1772 phanio,
232 1713 280 1760 quo
293 1697 384 1746 facilius
396 1706 437 1744 aut
447 1694 678 1759 comprehenderetur
695 1710 732 1742 rea
745 1697 797 1758 eius

122 1761 217 1821 indicio,
237 1770 278 1809 aut
295 1761 354 1810 ialsa
371 1777 419 1810 esse
437 1773 615 1824 cognosceretur.
643 1759 683 1807 Ne
698 1761 797 1818 multia3

123 1825 243 1889 Diogenes
259 1827 357 1874 emiturr
374 1839 499 1882 venenum,
514 1825 596 1872 diebus
610 1824 699 1888 poncia,
717 1826 798 1879 (multi

124 1890 170 1940 viri
179 1891 235 1938 boni
249 1905 304 1940 cum
314 1906 344 1938 ex
354 1890 443 1938 ωωιω
453 1889 637 1947 munenissent)
652 1890 798 1954 pennisqne

124 1955 434 2018 obdgnamquaadcem
455 1968 505 2001 rem
523 1954 630 2012 dabatur,
649 1953 799 2004 inmanibus

124 2015 270 2076 Scamandri,
281 2018 358 2065 liberti
369 2018 536 2077 Febridiorum,
546 2017 731 2080 deprehenditur.

158 2080 246 2130 XVII.
262 2083 318 2141 Pro,
330 2081 540 2130 Diiimurortalesl
558 2081 716 2144 Oppianicum
733 2083 798 2147 qnis-

142 2161 207 2208 uam,
218 2146 255 2195 hie
265 2148 334 2195 rebus
344 2147 448 2210 cognitis,
459 2147 642 2195 circumventum
654 2162 703 2194 eoae
714 2147 797 2198 dicet?

167 2211 188 2260 ia
204 2227 311 2276 unquam
325 2211 440 2270 audacior,
454 2209 507 2274 quia
522 2209 648 2267 nocentior,
664 2211 717 2273 quis
730 2229 799 2276 aper-

124 2276 179 2335 tior,
187 2277 213 2326 in
217 2276 333 2338 judicium
343 2275 455 2324 adductus
461 2277 512 2322 est?
522 2273 594 2333 Quod
603 2273 732 2335 ingenium,
744 2292 798 2339 quo

124 2342 224 2390 faorrltm
230 2340 329 2400 dicendi,
340 2356 393 2404 quae
403 2355 417 2386 a
428 2353 546 2403 quoquam
553 2337 682 2400 excogitata
687 2338 798 2400 defensio,

123 2407 181 2454 huic
191 2403 545 2468 unioriminipotuitobsistere?
563 2401 800 2467 Simuletiiludquis

124 2470 208 2534 estqui
218 2470 316 2529 dubitet,
328 2469 394 2532 quin,
405 2467 449 2516 hac
463 2484 489 2516 re
503 2464 622 2528 comperti
630 2465 800 2531 manifestoque

90 2551 102 2583 κ
125 2534 276 2600 deprehensi,
287 2544 329 2581 aut
338 2533 445 2581 obeunda
454 2547 517 2581 mors
526 2527 644 2586 Cluentio,
653 2537 694 2575 aut
704 2533 799 2595 rumpi.

126 2600 187 2650 enda
196 2598 319 2658 acontio,
330 2596 420 2646 fixerit?
457 2609 459 2614 ·
