1850 2909
151 67 195 134 ror
276 66 547 122 enocnnunsro.
564 66 629 116 cu.
642 68 682 114 sa

148 191 747 260 Fabndusambsellibdenussocapitaditoesserat.
762 191 816 240 Hic

146 257 235 318 jndices
247 258 333 306 rideret
351 257 487 306 stomachari
499 267 568 322 atque
578 261 657 306 acerbe
667 259 726 306 ferre
735 265 816 320 petuo·

147 335 200 378 nus,
212 337 304 372 causam
311 322 355 369 sibi
362 322 426 385 eripi,
434 331 572 370 etsecretera
579 323 608 371 de
618 323 658 369 illo
667 323 726 380 loco,
738 321 816 367 “Re-

147 384 234 448 spicite,
239 385 402 446 jndices,''non
410 386 555 449 possedicere
562 405 568 433 ε
576 385 813 450 necquidquampro-

146 447 199 510 pius
206 448 340 508 estfactum,
349 465 419 512 quam
426 449 528 498 utillum
534 459 714 513 persequeretur,
721 458 744 496 et
751 447 814 495 collo

147 513 236 560 obtorto
245 513 275 560 ad
288 513 394 561 subsellia
407 513 531 569 reduceret,
542 524 569 564 ut
578 514 667 577 reliqua
675 521 750 576 posset
759 527 815 575 per·

59 613 61 620 ,
147 590 218 624 orare.
235 576 274 624 Ita
284 585 334 624 tum
345 577 472 637 Fabricius,
482 578 585 640 primum
592 592 634 626 suo
642 576 729 639 jndicio
736 575 812 638 (quod

147 647 181 687 cst
190 640 369 702 gravissimum),
383 641 464 689 deinde
474 641 530 705 legis
540 641 572 702 vi,
585 650 609 689 et
621 640 738 690 sententiis
746 639 812 702 judi-

146 704 486 832 cmiiiiiidigiiidn{dimdium
498 769 548 830 jam
561 767 591 822 de
605 767 729 833 Oppianici
741 765 813 814 causa

146 831 214 894 plura
220 830 343 880 dicamus?
356 831 430 896 Apud
436 833 525 880 cosdun
529 833 617 895 judices
624 848 676 880 reus
683 840 718 880 est
727 832 813 890 fatuus,

147 909 201 942 cum
211 894 231 942 is
241 894 331 944 duobus
344 895 481 958 prejudiciis
493 898 543 958 jam
556 897 679 943 muana
691 905 762 944 ease:
779 896 812 942 ab

146 957 228 1006 iisdem
237 968 315 1006 autem
320 959 444 1020 judicibus,
451 960 492 1024 qui
498 960 654 1008 Fabriciorum
664 952 814 1007 damnatione

147 1021 177 1069 de
187 1021 316 1086 Oppianico
327 1023 466 1084 jndicirant,
482 1025 545 1071 loeus
555 1024 576 1070 ei
585 1024 674 1086 primus
684 1031 717 1070 est
727 1021 813 1070 consti-

147 1093 226 1133 tutus:
238 1095 354 1135 accusatus
362 1095 395 1134 cst
402 1087 536 1136 criminibus
540 1087 686 1150 gravisumis,
693 1095 716 1134 et
723 1086 751 1134 iis
758 1101 814 1149 quta

148 1163 211 1196 ame
220 1151 317 1198 breviter
323 1150 383 1198 dicta
390 1159 451 1209 sunt,
461 1160 484 1200 et
493 1160 601 1215 preterca
610 1151 698 1210 multis,
707 1167 759 1214 quae
767 1165 813 1212 ego

147 1211 297 1261 omnianunc
307 1215 401 1262 omittat
419 1226 536 1263 accusatus
546 1223 580 1263 est
593 1215 655 1278 apud
671 1230 717 1272 eos,
730 1213 771 1276 qui
788 1221 813 1261 et

147 1267 323 1349 Scamandrum,
338 1277 470 1326 ministrum
486 1278 618 1360 Oppianici,
634 1287 657 1326 et
668 1277 812 1336 Fabricium,

147 1352 262 1388 censuum
272 1340 386 1400 maleficii,
397 1343 581 1390 condemnarant.

180 1401 267 1450 Utrum
278 1405 328 1466 (per
338 1403 401 1453 Deos
411 1405 550 1456 immortales
558 1407 577 1464 i)
593 1406 667 1469 magia
677 1416 711 1454 est
720 1405 812 1453 miren-

147 1463 214 1525 dum,
225 1467 288 1530 quod
302 1467 321 1515 is
333 1468 496 1520 condemnatus
505 1479 547 1529 eat,
558 1484 588 1518 au
599 1470 661 1535 quod
671 1469 764 1518 omniuo
774 1485 813 1517 re·

147 1529 258 1592 spondere
265 1546 334 1580 ausus
342 1541 375 1580 cst
383 1535 393 1580 ἓ
410 1532 476 1591 Quid
482 1534 544 1583 euim
552 1533 587 1584 illi
591 1533 679 1595 jndices
687 1533 759 1581 facere
768 1549 813 1596 po-

147 1597 257 1642 tuerunt?
290 1594 349 1653 ui,ei
359 1596 488 1644 innocentes
495 1597 610 1645 Fabricios
616 1594 813 1656 oenuunntaent‘,

148 1663 225 1706 tamen
236 1659 260 1707 in
293 1658 396 1722 ppianico
403 1659 446 1707 bi
451 1662 590 1720 consumet
597 1661 749 1724 superioribus
756 1676 813 1708 con·

148 1722 231 1770 sentire
244 1723 344 1796 judiciis,
358 1723 491 1772 debuerunt
507 1727 549 1772 An
564 1741 618 1773 vero
631 1725 667 1772 illi
678 1740 772 1787 suaper
786 1740 813 1772 se

148 1782 192 1846 ipsi
200 1785 287 1846 judicia
294 1786 451 1846 rescinderent,
460 1803 514 1834 cum
524 1789 599 1836 caeteri
608 1790 703 1846 soleant,
713 1788 738 1835 in
746 1788 813 1850 judi·

147 1849 228 1906 cando,
240 1863 269 1896 ne
281 1851 310 1896 ab
321 1849 418 1897 aliorum
426 1851 518 1911 Judieiis
531 1852 665 1916 discrepent,
676 1851 814 1916 providere?

147 1919 171 1957 ct
184 1911 227 1971 iili,
240 1911 280 1975 qui
290 1912 388 1960 Fabricii
398 1913 515 1974 libertum,
527 1917 582 1979 qnia
590 1917 694 1964 minister
703 1917 728 1963 in
737 1916 812 1964 male-

146 1973 198 2022 fieio
215 1975 296 2036 fuerat,
317 1987 448 2040 patronum,
463 1979 523 2043 quia·
536 1980 646 2040 conscius,
662 1978 812 2028 condemnia-

147 2045 212 2095 sent;
236 2039 312 2103 ipsum
329 2041 455 2105 principem
471 2051 541 2106 atque
557 2044 704 2092 architectum
721 2043 812 2092 sceleris

146 2103 306 2152 absolverent?
323 2105 397 2169 etqui
408 2114 507 2165 ceteros,
522 2107 587 2154 nullo
596 2106 728 2170 prejudicio
740 2106 812 2168 facto,

146 2173 223 2213 tamen
234 2183 263 2216 ex
270 2167 320 2230 ipss
326 2169 394 2216 causi
401 2169 601 2227 condemndssent3
618 2170 689 2230 hunc,
696 2185 765 2234 quem
771 2170 812 2222 bis

145 2230 322 2278 condemnatum
330 2232 380 2292 jam
391 2241 530 2296 acceperant,
541 2233 681 2282 liberarent?

179 2293 244 2346 Turn
251 2311 303 2348 vero
314 2295 354 2342 illa
361 2295 449 2357 judicia
459 2297 578 2356 senatoria,
590 2312 635 2344 non
645 2297 704 2344 falsi
713 2297 811 2359 modii,

146 2357 186 2408 sed
194 2358 247 2408 veri
253 2367 321 2433 atque
326 2358 410 2422 insigni
416 2360 557 2423 turpitudine
564 2369 650 2418 uotam,
657 2369 726 2425 atque
733 2371 813 2424 operta

145 2420 253 2470 dedecore
260 2422 392 2480 eufemia,
396 2423 521 2471 defensioni
525 2425 602 2471 locum
610 2425 813 2494 nullumreliquis·

147 2492 204 2558 aeut·
221 2484 287 2550 Quid
297 2485 358 2537 enim
368 2485 460 2539 tandem
471 2486 507 2538 uli
514 2487 602 2552 judices
612 2489 779 2552 responderent,
790 2490 811 2541 ti

146 2561 199 2614 quus
212 2549 242 2600 ab
254 2548 283 2598 iit
295 2551 423 2613 quereret?
445 2549 620 2606 Condflnnistis
633 2552 811 2623 senceum,
