<?xml version="1.0" encoding="UTF-8"?>
<!DOCTYPE html PUBLIC "-//W3C//DTD XHTML 1.0 Transitional//EN"
    "http://www.w3.org/TR/xhtml1/DTD/xhtml1-transitional.dtd">
<html xmlns="http://www.w3.org/1999/xhtml" xml:lang="en" lang="en">
 <head>
  <title>
</title>
<meta http-equiv="Content-Type" content="text/html;charset=utf-8" />
  <meta name='ocr-system' content='tesseract 3.04.00' />
  <meta name='ocr-capabilities' content='ocr_page ocr_carea ocr_par ocr_line ocrx_word'/>
</head>
<body>
  <div class='ocr_page' id='page_1' title='image "./operaexeditioni00ernegoog_0300.png"; bbox 0 0 1850 2909; ppageno 0'>
   <div class='ocr_carea' id='block_1_1' title="bbox 144 76 734 156">
    <p class='ocr_par' dir='ltr' id='par_1_1' title="bbox 144 76 734 156">
     <span class='ocr_line' id='line_1_1' title="bbox 144 76 734 156; baseline 0.003 -26"><span class='ocrx_word' id='word_1_1' title='bbox 144 78 194 156; x_wconf 78' lang='lat' dir='ltr'>aaa</span> <span class='ocrx_word' id='word_1_2' title='bbox 239 77 563 129; x_wconf 72' lang='lat' dir='ltr'>numerosarum</span> <span class='ocrx_word' id='word_1_3' title='bbox 574 76 734 132; x_wconf 66' lang='lat' dir='ltr'>ricmis.</span> 
     </span>
    </p>
   </div>
   <div class='ocr_carea' id='block_1_2' title="bbox 139 205 852 399">
    <p class='ocr_par' dir='ltr' id='par_1_2' title="bbox 139 205 852 399">
     <span class='ocr_line' id='line_1_2' title="bbox 142 205 822 270; baseline -0.003 -15"><span class='ocrx_word' id='word_1_4' title='bbox 142 208 168 255; x_wconf 87' lang='lat' dir='ltr'>id</span> <span class='ocrx_word' id='word_1_5' title='bbox 178 206 242 270; x_wconf 83' lang='lat' dir='ltr'>quod</span> <span class='ocrx_word' id='word_1_6' title='bbox 255 215 346 269; x_wconf 60' lang='lat' dir='ltr'>qomet</span> <span class='ocrx_word' id='word_1_7' title='bbox 362 206 418 267; x_wconf 77' lang='lat' dir='ltr'>vidi,</span> <span class='ocrx_word' id='word_1_8' title='bbox 429 222 485 255; x_wconf 88' lang='lat' dir='ltr'>cum</span> <span class='ocrx_word' id='word_1_9' title='bbox 497 207 610 258; x_wconf 69' lang='lat' dir='ltr'>rasuram</span> <span class='ocrx_word' id='word_1_10' title='bbox 621 207 736 270; x_wconf 77' lang='lat' dir='ltr'>capuam.</span> <span class='ocrx_word' id='word_1_11' title='bbox 747 205 822 253; x_wconf 85' lang='lat' dir='ltr'>colo-</span> 
     </span>
     <span class='ocr_line' id='line_1_3' title="bbox 139 265 852 332; baseline -0.004 -13"><span class='ocrx_word' id='word_1_12' title='bbox 139 265 207 319; x_wconf 79' lang='lat' dir='ltr'>&#39;niam</span> <span class='ocrx_word' id='word_1_13' title='bbox 224 270 345 319; x_wconf 85' lang='lat' dir='ltr'>deductam</span> <span class='ocrx_word' id='word_1_14' title='bbox 359 272 388 319; x_wconf 83' lang='grc' dir='ltr'>Ιι.</span> <span class='ocrx_word' id='word_1_15' title='bbox 400 270 510 319; x_wconf 70' lang='grc' dir='ltr'>Οοιιεὶάὶο</span> <span class='ocrx_word' id='word_1_16' title='bbox 523 281 547 319; x_wconf 86' lang='lat' dir='ltr'>ct</span> <span class='ocrx_word' id='word_1_17' title='bbox 556 270 704 320; x_wconf 52' lang='lat' dir='ltr'>Sertesoltio</span> <span class='ocrx_word' id='word_1_18' title='bbox 717 274 821 332; x_wconf 88' lang='lat' dir='ltr'>(quem-</span> <span class='ocrx_word' id='word_1_19' title='bbox 849 279 852 285; x_wconf 85' lang='lat'>·</span> 
     </span>
     <span class='ocr_line' id='line_1_4' title="bbox 140 332 819 399; baseline -0.009 -14"><span class='ocrx_word' id='word_1_20' title='bbox 140 335 266 397; x_wconf 55' lang='lat' dir='ltr'>&amp;modum</span> <span class='ocrx_word' id='word_1_21' title='bbox 277 335 322 397; x_wconf 88' lang='lat' dir='ltr'>ipsi</span> <span class='ocrx_word' id='word_1_22' title='bbox 337 336 499 398; x_wconf 78' lang='lat' dir='ltr'><strong>loquebantur)</strong></span> <span class='ocrx_word' id='word_1_23' title='bbox 512 336 663 399; x_wconf 71' lang='lat' dir='ltr'>pratonbusr</span> <span class='ocrx_word' id='word_1_24' title='bbox 679 342 707 381; x_wconf 94' lang='lat' dir='ltr'>ut</span> <span class='ocrx_word' id='word_1_25' title='bbox 722 332 819 380; x_wconf 82' lang='lat' dir='ltr'>intelli·</span> 
     </span>
    </p>
   </div>
   <div class='ocr_carea' id='block_1_3' title="bbox 70 398 819 462">
    <p class='ocr_par' dir='ltr' id='par_1_3' title="bbox 70 398 819 462">
     <span class='ocr_line' id='line_1_5' title="bbox 70 398 819 462; baseline -0.004 -14"><span class='ocrx_word' id='word_1_26' title='bbox 70 398 72 405; x_wconf 66' lang='grc'>”</span> <span class='ocrx_word' id='word_1_27' title='bbox 141 399 210 462; x_wconf 80' lang='lat' dir='ltr'>gatis,</span> <span class='ocrx_word' id='word_1_28' title='bbox 226 408 337 462; x_wconf 87' lang='lat' dir='ltr'>quantam</span> <span class='ocrx_word' id='word_1_29' title='bbox 352 400 415 447; x_wconf 90' lang='lat' dir='ltr'>locus</span> <span class='ocrx_word' id='word_1_30' title='bbox 431 400 481 462; x_wconf 82' lang='lat' dir='ltr'>ipsa</span> <span class='ocrx_word' id='word_1_31' title='bbox 494 400 574 447; x_wconf 69' lang='lat' dir='ltr'>afferm</span> <span class='ocrx_word' id='word_1_32' title='bbox 591 398 737 462; x_wconf 72' lang='lat' dir='ltr'>superbiamr</span> <span class='ocrx_word' id='word_1_33' title='bbox 754 413 819 460; x_wconf 68' lang='lat' dir='ltr'>que</span> 
     </span>
    </p>
   </div>
   <div class='ocr_carea' id='block_1_4' title="bbox 107 462 820 2639">
    <p class='ocr_par' dir='ltr' id='par_1_4' title="bbox 141 462 819 591">
     <span class='ocr_line' id='line_1_6' title="bbox 141 462 819 527; baseline -0.003 -16"><span class='ocrx_word' id='word_1_34' title='bbox 141 464 222 527; x_wconf 87' lang='lat' dir='ltr'>paucis</span> <span class='ocrx_word' id='word_1_35' title='bbox 236 463 326 522; x_wconf 85' lang='lat' dir='ltr'>diebus,</span> <span class='ocrx_word' id='word_1_36' title='bbox 339 464 422 526; x_wconf 85' lang='lat' dir='ltr'>quibus</span> <span class='ocrx_word' id='word_1_37' title='bbox 436 464 477 511; x_wconf 88' lang='lat' dir='ltr'>illo</span> <span class='ocrx_word' id='word_1_38' title='bbox 487 464 575 514; x_wconf 84' lang='lat' dir='ltr'>colonia</span> <span class='ocrx_word' id='word_1_39' title='bbox 582 464 680 511; x_wconf 87' lang='lat' dir='ltr'>deducta</span> <span class='ocrx_word' id='word_1_40' title='bbox 692 462 746 521; x_wconf 82' lang='lat' dir='ltr'>fuit,</span> <span class='ocrx_word' id='word_1_41' title='bbox 757 477 819 525; x_wconf 85' lang='lat' dir='ltr'>per-</span> 
     </span>
     <span class='ocr_line' id='line_1_7' title="bbox 143 527 480 591; baseline 0 -16"><span class='ocrx_word' id='word_1_42' title='bbox 143 527 200 591; x_wconf 80' lang='lat' dir='ltr'><strong>spici</strong></span> <span class='ocrx_word' id='word_1_43' title='bbox 210 535 279 590; x_wconf 88' lang='lat' dir='ltr'>atque</span> <span class='ocrx_word' id='word_1_44' title='bbox 289 527 387 589; x_wconf 80' lang='lat' dir='ltr'>intelligi</span> <span class='ocrx_word' id='word_1_45' title='bbox 397 529 480 590; x_wconf 83' lang='lat' dir='ltr'>potuit.</span> 
     </span>
    </p>

    <p class='ocr_par' dir='ltr' id='par_1_5' title="bbox 107 589 820 1992">
     <span class='ocr_line' id='line_1_8' title="bbox 177 589 820 655; baseline -0.002 -17"><span class='ocrx_word' id='word_1_46' title='bbox 177 591 249 649; x_wconf 88' lang='lat' dir='ltr'>Nam,</span> <span class='ocrx_word' id='word_1_47' title='bbox 269 590 379 655; x_wconf 87' lang='lat' dir='ltr'>primum,</span> <span class='ocrx_word' id='word_1_48' title='bbox 398 592 440 651; x_wconf 75' lang='lat' dir='ltr'>(id,</span> <span class='ocrx_word' id='word_1_49' title='bbox 454 593 517 655; x_wconf 87' lang='lat' dir='ltr'>quod</span> <span class='ocrx_word' id='word_1_50' title='bbox 534 592 593 647; x_wconf 76' lang='lat' dir='ltr'>(lixi)</span> <span class='ocrx_word' id='word_1_51' title='bbox 611 606 666 639; x_wconf 89' lang='lat' dir='ltr'>cum</span> <span class='ocrx_word' id='word_1_52' title='bbox 683 590 772 638; x_wconf 76' lang='lat' dir='ltr'>caetaris</span> <span class='ocrx_word' id='word_1_53' title='bbox 790 589 820 637; x_wconf 85' lang='lat' dir='ltr'>in</span> 
     </span>
     <span class='ocr_line' id='line_1_9' title="bbox 144 654 820 729; baseline -0.003 -26"><span class='ocrx_word' id='word_1_54' title='bbox 144 655 237 703; x_wconf 87' lang='lat' dir='ltr'>coloniis</span> <span class='ocrx_word' id='word_1_55' title='bbox 253 654 371 702; x_wconf 88' lang='lat' dir='ltr'>duumviri</span> <span class='ocrx_word' id='word_1_56' title='bbox 387 657 541 729; x_wconf 75' lang='lat' dir='ltr'>appellentur,</span> <span class='ocrx_word' id='word_1_57' title='bbox 560 656 586 703; x_wconf 91' lang='lat' dir='ltr'>hi</span> <span class='ocrx_word' id='word_1_58' title='bbox 602 671 627 703; x_wconf 83' lang='lat' dir='ltr'>aa</span> <span class='ocrx_word' id='word_1_59' title='bbox 644 663 750 718; x_wconf 72' lang='lat' dir='ltr'>pretores</span> <span class='ocrx_word' id='word_1_60' title='bbox 770 670 820 717; x_wconf 85' lang='lat' dir='ltr'>ap-</span> 
     </span>
     <span class='ocr_line' id='line_1_10' title="bbox 144 718 819 783; baseline -0.004 -16"><span class='ocrx_word' id='word_1_61' title='bbox 144 720 225 783; x_wconf 87' lang='lat' dir='ltr'>pellari</span> <span class='ocrx_word' id='word_1_62' title='bbox 235 720 348 767; x_wconf 81' lang='lat' dir='ltr'>volebant.</span> <span class='ocrx_word' id='word_1_63' title='bbox 364 718 458 777; x_wconf 81' lang='lat' dir='ltr'>Quibus</span> <span class='ocrx_word' id='word_1_64' title='bbox 468 721 557 783; x_wconf 88' lang='lat' dir='ltr'>primus</span> <span class='ocrx_word' id='word_1_65' title='bbox 568 735 642 767; x_wconf 85' lang='lat' dir='ltr'>armus</span> <span class='ocrx_word' id='word_1_66' title='bbox 652 718 710 765; x_wconf 88' lang='lat' dir='ltr'>hanc</span> <span class='ocrx_word' id='word_1_67' title='bbox 720 718 819 780; x_wconf 84' lang='lat' dir='ltr'>cupidi-</span> 
     </span>
     <span class='ocr_line' id='line_1_11' title="bbox 144 782 818 845; baseline 0 -14"><span class='ocrx_word' id='word_1_68' title='bbox 144 792 216 831; x_wconf 81' lang='lat' dir='ltr'>tatem</span> <span class='ocrx_word' id='word_1_69' title='bbox 237 783 358 842; x_wconf 82' lang='lat' dir='ltr'>attulisset,</span> <span class='ocrx_word' id='word_1_70' title='bbox 380 797 456 831; x_wconf 85' lang='lat' dir='ltr'>nonne</span> <span class='ocrx_word' id='word_1_71' title='bbox 477 784 620 831; x_wconf 77' lang='lat' dir='ltr'>arbitramini</span> <span class='ocrx_word' id='word_1_72' title='bbox 641 782 719 845; x_wconf 86' lang='lat' dir='ltr'>paucis</span> <span class='ocrx_word' id='word_1_73' title='bbox 741 783 818 831; x_wconf 82' lang='lat' dir='ltr'>mnis</span> 
     </span>
     <span class='ocr_line' id='line_1_12' title="bbox 144 839 819 910; baseline 0 -17"><span class='ocrx_word' id='word_1_74' title='bbox 144 839 215 894; x_wconf 81' lang='lat' dir='ltr'>fuisse</span> <span class='ocrx_word' id='word_1_75' title='bbox 233 840 354 895; x_wconf 84' lang='lat' dir='ltr'>consulum</span> <span class='ocrx_word' id='word_1_76' title='bbox 371 860 456 895; x_wconf 87' lang='lat' dir='ltr'>nomen</span> <span class='ocrx_word' id='word_1_77' title='bbox 475 847 635 910; x_wconf 74' lang='lat' dir='ltr'>appetituros?</span> <span class='ocrx_word' id='word_1_78' title='bbox 658 845 749 902; x_wconf 79' lang='lat' dir='ltr'>Deinde</span> <span class='ocrx_word' id='word_1_79' title='bbox 769 862 819 894; x_wconf 87' lang='lat' dir='ltr'>an-</span> 
     </span>
     <span class='ocr_line' id='line_1_13' title="bbox 144 910 820 972; baseline -0.001 -14"><span class='ocrx_word' id='word_1_80' title='bbox 144 910 232 959; x_wconf 81' lang='lat' dir='ltr'>teibant</span> <span class='ocrx_word' id='word_1_81' title='bbox 244 910 342 969; x_wconf 73' lang='lat' dir='ltr'>lictores,</span> <span class='ocrx_word' id='word_1_82' title='bbox 355 925 402 958; x_wconf 88' lang='lat' dir='ltr'>non</span> <span class='ocrx_word' id='word_1_83' title='bbox 418 926 472 957; x_wconf 91' lang='lat' dir='ltr'>cum</span> <span class='ocrx_word' id='word_1_84' title='bbox 487 911 583 970; x_wconf 78' lang='lat' dir='ltr'>bacillis,</span> <span class='ocrx_word' id='word_1_85' title='bbox 597 911 645 970; x_wconf 82' lang='lat' dir='ltr'>sed,</span> <span class='ocrx_word' id='word_1_86' title='bbox 657 918 686 957; x_wconf 90' lang='lat' dir='ltr'>ut</span> <span class='ocrx_word' id='word_1_87' title='bbox 700 910 739 957; x_wconf 88' lang='lat' dir='ltr'>bic</span> <span class='ocrx_word' id='word_1_88' title='bbox 750 925 820 972; x_wconf 74' lang='lat' dir='ltr'>pras-</span> 
     </span>
     <span class='ocr_line' id='line_1_14' title="bbox 145 973 818 1038; baseline 0 -15"><span class='ocrx_word' id='word_1_89' title='bbox 145 973 233 1023; x_wconf 86' lang='lat' dir='ltr'>toribus</span> <span class='ocrx_word' id='word_1_90' title='bbox 240 982 360 1038; x_wconf 19' lang='lat' dir='ltr'>‹mucunt</span> <span class='ocrx_word' id='word_1_91' title='bbox 372 988 426 1021; x_wconf 90' lang='lat' dir='ltr'>cum</span> <span class='ocrx_word' id='word_1_92' title='bbox 441 974 541 1023; x_wconf 76' lang='lat' dir='ltr'>fascibus</span> <span class='ocrx_word' id='word_1_93' title='bbox 551 975 649 1023; x_wconf 88' lang='lat' dir='ltr'>duobus.</span> <span class='ocrx_word' id='word_1_94' title='bbox 666 974 740 1021; x_wconf 83' lang='lat' dir='ltr'>Erant</span> <span class='ocrx_word' id='word_1_95' title='bbox 754 974 818 1023; x_wconf 87' lang='lat' dir='ltr'>hos-</span> 
     </span>
     <span class='ocr_line' id='line_1_15' title="bbox 146 1034 818 1101; baseline -0.001 -15"><span class='ocrx_word' id='word_1_96' title='bbox 146 1034 186 1086; x_wconf 82' lang='lat' dir='ltr'>tiae</span> <span class='ocrx_word' id='word_1_97' title='bbox 195 1040 294 1099; x_wconf 76' lang='lat' dir='ltr'>maJores</span> <span class='ocrx_word' id='word_1_98' title='bbox 304 1038 328 1086; x_wconf 89' lang='lat' dir='ltr'>in</span> <span class='ocrx_word' id='word_1_99' title='bbox 342 1038 391 1086; x_wconf 81' lang='lat' dir='ltr'>foro</span> <span class='ocrx_word' id='word_1_100' title='bbox 401 1039 538 1096; x_wconf 71' lang='lat' dir='ltr'>consututoe,</span> <span class='ocrx_word' id='word_1_101' title='bbox 549 1054 603 1101; x_wconf 78' lang='lat' dir='ltr'>quta</span> <span class='ocrx_word' id='word_1_102' title='bbox 612 1040 642 1086; x_wconf 89' lang='lat' dir='ltr'>ab</span> <span class='ocrx_word' id='word_1_103' title='bbox 655 1038 691 1085; x_wconf 91' lang='lat' dir='ltr'>his</span> <span class='ocrx_word' id='word_1_104' title='bbox 706 1039 818 1101; x_wconf 71' lang='lat' dir='ltr'>praetori-</span> 
     </span>
     <span class='ocr_line' id='line_1_16' title="bbox 144 1096 817 1160; baseline -0.003 -10"><span class='ocrx_word' id='word_1_105' title='bbox 144 1098 189 1150; x_wconf 89' lang='lat' dir='ltr'>bus</span> <span class='ocrx_word' id='word_1_106' title='bbox 204 1103 233 1150; x_wconf 86' lang='lat' dir='ltr'>de</span> <span class='ocrx_word' id='word_1_107' title='bbox 249 1102 367 1160; x_wconf 87' lang='lat' dir='ltr'>tribunali,</span> <span class='ocrx_word' id='word_1_108' title='bbox 381 1096 442 1149; x_wconf 83' lang='lat' dir='ltr'>‘sicut</span> <span class='ocrx_word' id='word_1_109' title='bbox 457 1118 473 1149; x_wconf 91' lang='lat' dir='ltr'>a</span> <span class='ocrx_word' id='word_1_110' title='bbox 486 1102 552 1150; x_wconf 83' lang='lat' dir='ltr'>nobis</span> <span class='ocrx_word' id='word_1_111' title='bbox 562 1103 693 1150; x_wconf 86' lang='lat' dir='ltr'>consulibua</span> <span class='ocrx_word' id='word_1_112' title='bbox 709 1101 738 1148; x_wconf 87' lang='lat' dir='ltr'>dc</span> <span class='ocrx_word' id='word_1_113' title='bbox 753 1116 817 1149; x_wconf 85' lang='lat' dir='ltr'>oon-</span> 
     </span>
     <span class='ocr_line' id='line_1_17' title="bbox 145 1165 819 1230; baseline 0.001 -18"><span class='ocrx_word' id='word_1_114' title='bbox 145 1166 191 1213; x_wconf 90' lang='lat' dir='ltr'>silii</span> <span class='ocrx_word' id='word_1_115' title='bbox 204 1166 324 1223; x_wconf 68' lang='lat' dir='ltr'>sententiis,</span> <span class='ocrx_word' id='word_1_116' title='bbox 340 1168 449 1229; x_wconf 73' lang='lat' dir='ltr'>probata,</span> <span class='ocrx_word' id='word_1_117' title='bbox 461 1166 491 1213; x_wconf 85' lang='lat' dir='ltr'>ad</span> <span class='ocrx_word' id='word_1_118' title='bbox 509 1181 638 1230; x_wconf 65' lang='lat' dir='ltr'>praecona</span> <span class='ocrx_word' id='word_1_119' title='bbox 654 1174 678 1213; x_wconf 87' lang='lat' dir='ltr'>et</span> <span class='ocrx_word' id='word_1_120' title='bbox 691 1165 720 1212; x_wconf 82' lang='lat' dir='ltr'>ad</span> <span class='ocrx_word' id='word_1_121' title='bbox 735 1166 819 1213; x_wconf 81' lang='lat' dir='ltr'>tibici-</span> 
     </span>
     <span class='ocr_line' id='line_1_18' title="bbox 143 1228 819 1294; baseline -0.001 -17"><span class='ocrx_word' id='word_1_122' title='bbox 143 1243 198 1277; x_wconf 89' lang='lat' dir='ltr'>nem</span> <span class='ocrx_word' id='word_1_123' title='bbox 215 1229 400 1277; x_wconf 77' lang='lat' dir='ltr'>immolabantur.</span> <span class='ocrx_word' id='word_1_124' title='bbox 417 1229 509 1278; x_wconf 84' lang='lat' dir='ltr'>Deinde</span> <span class='ocrx_word' id='word_1_125' title='bbox 524 1238 601 1294; x_wconf 79' lang='lat' dir='ltr'>patres</span> <span class='ocrx_word' id='word_1_126' title='bbox 614 1228 733 1291; x_wconf 74' lang='lat' dir='ltr'>conscripti</span> <span class='ocrx_word' id='word_1_127' title='bbox 743 1244 819 1277; x_wconf 81' lang='lat' dir='ltr'>voca·</span> 
     </span>
     <span class='ocr_line' id='line_1_19' title="bbox 141 1290 817 1352; baseline 0.003 -12"><span class='ocrx_word' id='word_1_128' title='bbox 141 1290 236 1342; x_wconf 80' lang='lat' dir='ltr'>bantur.</span> <span class='ocrx_word' id='word_1_129' title='bbox 253 1293 271 1341; x_wconf 89' lang='lat' dir='ltr'>J</span> <span class='ocrx_word' id='word_1_130' title='bbox 271 1308 310 1340; x_wconf 91' lang='lat' dir='ltr'>am</span> <span class='ocrx_word' id='word_1_131' title='bbox 322 1308 375 1341; x_wconf 85' lang='lat' dir='ltr'>vero</span> <span class='ocrx_word' id='word_1_132' title='bbox 383 1294 475 1341; x_wconf 89' lang='lat' dir='ltr'>vultum</span> <span class='ocrx_word' id='word_1_133' title='bbox 483 1293 587 1342; x_wconf 87' lang='lat' dir='ltr'>Considii</span> <span class='ocrx_word' id='word_1_134' title='bbox 594 1294 679 1352; x_wconf 77' lang='lat' dir='ltr'>videre,</span> <span class='ocrx_word' id='word_1_135' title='bbox 690 1292 817 1342; x_wconf 84' lang='lat' dir='ltr'>ferendum</span> 
     </span>
     <span class='ocr_line' id='line_1_20' title="bbox 140 1351 818 1421; baseline -0.001 -16"><span class='ocrx_word' id='word_1_136' title='bbox 140 1351 183 1420; x_wconf 50' lang='lat' dir='ltr'>¹viu</span> <span class='ocrx_word' id='word_1_137' title='bbox 194 1365 248 1405; x_wconf 85' lang='lat' dir='ltr'>crat.</span> <span class='ocrx_word' id='word_1_138' title='bbox 265 1356 344 1415; x_wconf 85' lang='lat' dir='ltr'>Quam</span> <span class='ocrx_word' id='word_1_139' title='bbox 351 1357 478 1415; x_wconf 87' lang='lat' dir='ltr'>hominem,</span> <span class='ocrx_word' id='word_1_140' title='bbox 489 1358 599 1421; x_wconf 81' lang='lat' dir='ltr'>vegrandi</span> <span class='ocrx_word' id='word_1_141' title='bbox 606 1357 678 1405; x_wconf 77' lang='lat' dir='ltr'>marie</span> <span class='ocrx_word' id='word_1_142' title='bbox 689 1356 818 1417; x_wconf 86' lang='lat' dir='ltr'>torridum,</span> 
     </span>
     <span class='ocr_line' id='line_1_21' title="bbox 144 1416 819 1485; baseline 0.003 -16"><span class='ocrx_word' id='word_1_143' title='bbox 144 1416 228 1469; x_wconf 57' lang='lat' dir='ltr'>hmo</span> <span class='ocrx_word' id='word_1_144' title='bbox 238 1429 378 1469; x_wconf 84' lang='lat' dir='ltr'>contemtum</span> <span class='ocrx_word' id='word_1_145' title='bbox 389 1420 458 1485; x_wconf 82' lang='lat' dir='ltr'>atque</span> <span class='ocrx_word' id='word_1_146' title='bbox 469 1423 584 1483; x_wconf 87' lang='lat' dir='ltr'>abjectum</span> <span class='ocrx_word' id='word_1_147' title='bbox 594 1422 736 1478; x_wconf 83' lang='lat' dir='ltr'>videbamus,</span> <span class='ocrx_word' id='word_1_148' title='bbox 747 1420 819 1471; x_wconf 85' lang='lat' dir='ltr'>bunc</span> 
     </span>
     <span class='ocr_line' id='line_1_22' title="bbox 143 1484 819 1550; baseline 0 -17"><span class='ocrx_word' id='word_1_149' title='bbox 143 1484 231 1550; x_wconf 77' lang='lat' dir='ltr'>Capua²</span> <span class='ocrx_word' id='word_1_150' title='bbox 244 1485 364 1548; x_wconf 82' lang='lat' dir='ltr'>Campano</span> <span class='ocrx_word' id='word_1_151' title='bbox 374 1485 494 1549; x_wconf 88' lang='lat' dir='ltr'>supercilio</span> <span class='ocrx_word' id='word_1_152' title='bbox 504 1502 531 1533; x_wconf 86' lang='lat' dir='ltr'>ac</span> <span class='ocrx_word' id='word_1_153' title='bbox 541 1486 603 1548; x_wconf 84' lang='lat' dir='ltr'>regio</span> <span class='ocrx_word' id='word_1_154' title='bbox 614 1486 695 1549; x_wconf 87' lang='lat' dir='ltr'>spiritu</span> <span class='ocrx_word' id='word_1_155' title='bbox 705 1500 758 1531; x_wconf 89' lang='lat' dir='ltr'>cum</span> <span class='ocrx_word' id='word_1_156' title='bbox 776 1486 819 1533; x_wconf 85' lang='lat' dir='ltr'>vi-</span> 
     </span>
     <span class='ocr_line' id='line_1_23' title="bbox 142 1548 818 1613; baseline -0.001 -15"><span class='ocrx_word' id='word_1_157' title='bbox 142 1550 257 1608; x_wconf 86' lang='lat' dir='ltr'>deremus,</span> <span class='ocrx_word' id='word_1_158' title='bbox 267 1549 368 1613; x_wconf 82' lang='lat' dir='ltr'>Magios,</span> <span class='ocrx_word' id='word_1_159' title='bbox 375 1549 486 1607; x_wconf 79' lang='lat' dir='ltr'>Blossios,</span> <span class='ocrx_word' id='word_1_160' title='bbox 493 1550 552 1597; x_wconf 90' lang='lat' dir='ltr'>mihi</span> <span class='ocrx_word' id='word_1_161' title='bbox 562 1549 655 1597; x_wconf 78' lang='lat' dir='ltr'>videbar</span> <span class='ocrx_word' id='word_1_162' title='bbox 665 1550 716 1597; x_wconf 82' lang='lat' dir='ltr'>illos</span> <span class='ocrx_word' id='word_1_163' title='bbox 724 1548 818 1609; x_wconf 70' lang='lat' dir='ltr'>udere,</span> 
     </span>
     <span class='ocr_line' id='line_1_24' title="bbox 107 1613 818 1678; baseline -0.003 -15"><span class='ocrx_word' id='word_1_164' title='bbox 107 1623 110 1631; x_wconf 95' lang='lat'>&#39;</span> <span class='ocrx_word' id='word_1_165' title='bbox 142 1630 170 1663; x_wconf 91' lang='lat' dir='ltr'>ac</span> <span class='ocrx_word' id='word_1_166' title='bbox 180 1614 305 1663; x_wconf 87' lang='lat' dir='ltr'>Jubellios.</span> <span class='ocrx_word' id='word_1_167' title='bbox 321 1614 378 1662; x_wconf 88' lang='lat' dir='ltr'>Jam</span> <span class='ocrx_word' id='word_1_168' title='bbox 389 1629 442 1661; x_wconf 80' lang='lat' dir='ltr'>vcro</span> <span class='ocrx_word' id='word_1_169' title='bbox 455 1614 497 1678; x_wconf 88' lang='lat' dir='ltr'>qui</span> <span class='ocrx_word' id='word_1_170' title='bbox 506 1622 583 1661; x_wconf 87' lang='lat' dir='ltr'>metus</span> <span class='ocrx_word' id='word_1_171' title='bbox 596 1624 645 1662; x_wconf 88' lang='lat' dir='ltr'>crat</span> <span class='ocrx_word' id='word_1_172' title='bbox 655 1613 818 1661; x_wconf 79' lang='lat' dir='ltr'>mnieaorum</span> 
     </span>
     <span class='ocr_line' id='line_1_25' title="bbox 142 1672 820 1741; baseline -0.003 -14"><span class='ocrx_word' id='word_1_173' title='bbox 142 1679 255 1727; x_wconf 80' lang='lat' dir='ltr'>illorum?</span> <span class='ocrx_word' id='word_1_174' title='bbox 272 1686 302 1737; x_wconf 91' lang='lat' dir='ltr'>et,</span> <span class='ocrx_word' id='word_1_175' title='bbox 313 1678 338 1725; x_wconf 91' lang='lat' dir='ltr'>in</span> <span class='ocrx_word' id='word_1_176' title='bbox 348 1672 474 1725; x_wconf 74' lang='lat' dir='ltr'>Albanlet</span> <span class='ocrx_word' id='word_1_177' title='bbox 565 1678 582 1707; x_wconf 61' lang='lat'>&#39;⁹</span> <span class='ocrx_word' id='word_1_178' title='bbox 607 1694 660 1741; x_wconf 83' lang='lat' dir='ltr'>quoe</span> <span class='ocrx_word' id='word_1_179' title='bbox 670 1678 820 1725; x_wconf 75' lang='lat' dir='ltr'>concttrsatio</span> 
     </span>
     <span class='ocr_line' id='line_1_26' title="bbox 143 1741 818 1807; baseline -0.001 -16"><span class='ocrx_word' id='word_1_180' title='bbox 143 1742 334 1807; x_wconf 74' lang='lat' dir='ltr'>percontantium,</span> <span class='ocrx_word' id='word_1_181' title='bbox 342 1741 398 1805; x_wconf 89' lang='lat' dir='ltr'>quid</span> <span class='ocrx_word' id='word_1_182' title='bbox 408 1750 492 1805; x_wconf 83' lang='lat' dir='ltr'>praetor</span> <span class='ocrx_word' id='word_1_183' title='bbox 531 1743 536 1753; x_wconf 90' lang='lat'>&#39;</span> <span class='ocrx_word' id='word_1_184' title='bbox 555 1742 561 1753; x_wconf 79' lang='lat'><strong><em>&#39;</em></strong></span> <span class='ocrx_word' id='word_1_185' title='bbox 616 1746 627 1790; x_wconf 74' lang='lat' dir='ltr'>i</span> <span class='ocrx_word' id='word_1_186' title='bbox 644 1742 818 1790; x_wconf 78' lang='lat' dir='ltr'>ubieoenaret?</span> 
     </span>
     <span class='ocr_line' id='line_1_27' title="bbox 143 1804 818 1870; baseline -0.001 -16"><span class='ocrx_word' id='word_1_187' title='bbox 143 1808 202 1870; x_wconf 88' lang='lat' dir='ltr'>quid</span> <span class='ocrx_word' id='word_1_188' title='bbox 212 1806 369 1855; x_wconf 74' lang='lat' dir='ltr'>enuntibaset?</span> <span class='ocrx_word' id='word_1_189' title='bbox 387 1806 438 1854; x_wconf 90' lang='lat' dir='ltr'>Nos</span> <span class='ocrx_word' id='word_1_190' title='bbox 449 1815 536 1865; x_wconf 81' lang='lat' dir='ltr'>autem,</span> <span class='ocrx_word' id='word_1_191' title='bbox 544 1806 598 1854; x_wconf 89' lang='lat' dir='ltr'>hinc</span> <span class='ocrx_word' id='word_1_192' title='bbox 606 1806 684 1854; x_wconf 77' lang='lat' dir='ltr'>noma</span> <span class='ocrx_word' id='word_1_193' title='bbox 694 1804 735 1869; x_wconf 91' lang='lat' dir='ltr'>qui</span> <span class='ocrx_word' id='word_1_194' title='bbox 741 1819 818 1853; x_wconf 83' lang='lat' dir='ltr'>vene-</span> 
     </span>
     <span class='ocr_line' id='line_1_28' title="bbox 142 1865 819 1935; baseline -0.009 -14"><span class='ocrx_word' id='word_1_195' title='bbox 142 1886 230 1929; x_wconf 77' lang='lat' dir='ltr'>tantus,</span> <span class='ocrx_word' id='word_1_196' title='bbox 239 1871 289 1932; x_wconf 89' lang='lat' dir='ltr'>jam</span> <span class='ocrx_word' id='word_1_197' title='bbox 300 1884 347 1917; x_wconf 91' lang='lat' dir='ltr'>non</span> <span class='ocrx_word' id='word_1_198' title='bbox 357 1870 466 1933; x_wconf 79' lang='lat' dir='ltr'>hospites,</span> <span class='ocrx_word' id='word_1_199' title='bbox 479 1865 520 1919; x_wconf 84' lang='lat' dir='ltr'>sed</span> <span class='ocrx_word' id='word_1_200' title='bbox 531 1870 645 1935; x_wconf 74' lang='lat' dir='ltr'>peregrini</span> <span class='ocrx_word' id='word_1_201' title='bbox 657 1877 727 1933; x_wconf 81' lang='lat' dir='ltr'>atque</span> <span class='ocrx_word' id='word_1_202' title='bbox 740 1868 819 1917; x_wconf 79' lang='lat' dir='ltr'>adve-</span> 
     </span>
     <span class='ocr_line' id='line_1_29' title="bbox 143 1934 384 1992; baseline -0.017 -7"><span class='ocrx_word' id='word_1_203' title='bbox 143 1948 189 1992; x_wconf 82' lang='lat' dir='ltr'>noe,</span> <span class='ocrx_word' id='word_1_204' title='bbox 201 1934 384 1982; x_wconf 86' lang='lat' dir='ltr'>nominabamur.</span> 
     </span>
    </p>

    <p class='ocr_par' dir='ltr' id='par_1_6' title="bbox 136 1994 819 2639">
     <span class='ocr_line' id='line_1_30' title="bbox 176 1994 818 2062; baseline 0.003 -17"><span class='ocrx_word' id='word_1_205' title='bbox 176 1994 284 2045; x_wconf 85' lang='lat' dir='ltr'>XXXV.</span> <span class='ocrx_word' id='word_1_206' title='bbox 302 1998 361 2045; x_wconf 83' lang='lat' dir='ltr'>Haec</span> <span class='ocrx_word' id='word_1_207' title='bbox 371 1996 412 2062; x_wconf 90' lang='lat' dir='ltr'>qui</span> <span class='ocrx_word' id='word_1_208' title='bbox 425 2014 454 2061; x_wconf 89' lang='lat' dir='ltr'>pr</span> <span class='ocrx_word' id='word_1_209' title='bbox 524 1999 591 2055; x_wconf 80' lang='lat' dir='ltr'>erint,</span> <span class='ocrx_word' id='word_1_210' title='bbox 603 2000 711 2061; x_wconf 84' lang='lat' dir='ltr'>(majores</span> <span class='ocrx_word' id='word_1_211' title='bbox 721 2006 818 2047; x_wconf 77' lang='lat' dir='ltr'>nostros</span> 
     </span>
     <span class='ocr_line' id='line_1_31' title="bbox 143 2014 819 2123; baseline -0.007 -12"><span class='ocrx_word' id='word_1_212' title='bbox 143 2061 204 2123; x_wconf 84' lang='lat' dir='ltr'>dico,</span> <span class='ocrx_word' id='word_1_213' title='bbox 236 2061 325 2120; x_wconf 84' lang='lat' dir='ltr'>uiritcs)</span> <span class='ocrx_word' id='word_1_214' title='bbox 336 2077 383 2111; x_wconf 90' lang='lat' dir='ltr'>non</span> <span class='ocrx_word' id='word_1_215' title='bbox 394 2078 431 2110; x_wconf 89' lang='lat' dir='ltr'>eos</span> <span class='ocrx_word' id='word_1_216' title='bbox 444 2014 580 2111; x_wconf 48' lang='lat' dir='ltr'>imorum</span> <span class='ocrx_word' id='word_1_217' title='bbox 587 2062 755 2111; x_wconf 84' lang='lat' dir='ltr'>immortalium</span> <span class='ocrx_word' id='word_1_218' title='bbox 765 2076 819 2109; x_wconf 91' lang='lat' dir='ltr'>nu.</span> 
     </span>
     <span class='ocr_line' id='line_1_32' title="bbox 140 2126 817 2191; baseline -0.003 -18"><span class='ocrx_word' id='word_1_219' title='bbox 140 2141 205 2174; x_wconf 88' lang='lat' dir='ltr'>mero</span> <span class='ocrx_word' id='word_1_220' title='bbox 219 2126 358 2175; x_wconf 86' lang='lat' dir='ltr'>venerandos</span> <span class='ocrx_word' id='word_1_221' title='bbox 369 2126 459 2175; x_wconf 88' lang='lat' dir='ltr'>anobis</span> <span class='ocrx_word' id='word_1_222' title='bbox 472 2136 495 2175; x_wconf 85' lang='lat' dir='ltr'>ct</span> <span class='ocrx_word' id='word_1_223' title='bbox 509 2128 614 2175; x_wconf 87' lang='lat' dir='ltr'>colendos</span> <span class='ocrx_word' id='word_1_224' title='bbox 623 2126 727 2191; x_wconf 80' lang='lat' dir='ltr'>putatis?</span> <span class='ocrx_word' id='word_1_225' title='bbox 744 2126 817 2185; x_wconf 79' lang='lat' dir='ltr'>Quid</span> 
     </span>
     <span class='ocr_line' id='line_1_33' title="bbox 140 2184 818 2255; baseline 0.001 -17"><span class='ocrx_word' id='word_1_226' title='bbox 140 2189 203 2238; x_wconf 75' lang='lat' dir='ltr'>euin</span> <span class='ocrx_word' id='word_1_227' title='bbox 217 2184 344 2239; x_wconf 80' lang='lat' dir='ltr'>viderunt?</span> <span class='ocrx_word' id='word_1_228' title='bbox 361 2190 423 2249; x_wconf 85' lang='lat' dir='ltr'>Hoc,</span> <span class='ocrx_word' id='word_1_229' title='bbox 440 2191 503 2254; x_wconf 90' lang='lat' dir='ltr'>quod</span> <span class='ocrx_word' id='word_1_230' title='bbox 518 2206 580 2239; x_wconf 91' lang='lat' dir='ltr'>nuuc</span> <span class='ocrx_word' id='word_1_231' title='bbox 594 2207 642 2250; x_wconf 87' lang='lat' dir='ltr'>vos,</span> <span class='ocrx_word' id='word_1_232' title='bbox 657 2206 744 2255; x_wconf 76' lang='lat' dir='ltr'>queso,</span> <span class='ocrx_word' id='word_1_233' title='bbox 758 2205 818 2253; x_wconf 87' lang='lat' dir='ltr'>per-</span> 
     </span>
     <span class='ocr_line' id='line_1_34' title="bbox 140 2254 817 2319; baseline -0.007 -16"><span class='ocrx_word' id='word_1_234' title='bbox 140 2254 229 2319; x_wconf 84' lang='lat' dir='ltr'>spicite,</span> <span class='ocrx_word' id='word_1_235' title='bbox 241 2264 310 2319; x_wconf 87' lang='lat' dir='ltr'>atque</span> <span class='ocrx_word' id='word_1_236' title='bbox 321 2255 455 2318; x_wconf 74' lang='lat' dir='ltr'>cognosdte.</span> <span class='ocrx_word' id='word_1_237' title='bbox 471 2256 528 2303; x_wconf 92' lang='lat' dir='ltr'>Non</span> <span class='ocrx_word' id='word_1_238' title='bbox 538 2256 701 2319; x_wconf 77' lang='lat' dir='ltr'>ingenerantur</span> <span class='ocrx_word' id='word_1_239' title='bbox 710 2254 817 2302; x_wconf 89' lang='lat' dir='ltr'>homini.</span> 
     </span>
     <span class='ocr_line' id='line_1_35' title="bbox 140 2319 817 2383; baseline 0.003 -18"><span class='ocrx_word' id='word_1_240' title='bbox 140 2321 185 2366; x_wconf 94' lang='lat' dir='ltr'>bus</span> <span class='ocrx_word' id='word_1_241' title='bbox 195 2334 270 2367; x_wconf 87' lang='lat' dir='ltr'>mores</span> <span class='ocrx_word' id='word_1_242' title='bbox 281 2328 329 2367; x_wconf 83' lang='lat' dir='ltr'>tam</span> <span class='ocrx_word' id='word_1_243' title='bbox 340 2335 354 2366; x_wconf 93' lang='lat' dir='ltr'>a</span> <span class='ocrx_word' id='word_1_244' title='bbox 365 2319 435 2383; x_wconf 84' lang='lat' dir='ltr'>stirpe</span> <span class='ocrx_word' id='word_1_245' title='bbox 448 2319 537 2383; x_wconf 85' lang='lat' dir='ltr'>generis</span> <span class='ocrx_word' id='word_1_246' title='bbox 547 2336 574 2368; x_wconf 91' lang='lat' dir='ltr'>ac</span> <span class='ocrx_word' id='word_1_247' title='bbox 584 2319 687 2379; x_wconf 77' lang='lat' dir='ltr'>seminis,</span> <span class='ocrx_word' id='word_1_248' title='bbox 698 2333 771 2382; x_wconf 88' lang='lat' dir='ltr'>quam</span> <span class='ocrx_word' id='word_1_249' title='bbox 781 2334 817 2367; x_wconf 81' lang='lat' dir='ltr'>ex</span> 
     </span>
     <span class='ocr_line' id='line_1_36' title="bbox 139 2381 816 2447; baseline -0.003 -18"><span class='ocrx_word' id='word_1_250' title='bbox 139 2381 168 2429; x_wconf 67' lang='grc' dir='ltr'>ἰὴ</span> <span class='ocrx_word' id='word_1_251' title='bbox 185 2385 262 2443; x_wconf 84' lang='lat' dir='ltr'>rebus,</span> <span class='ocrx_word' id='word_1_252' title='bbox 280 2400 333 2447; x_wconf 73' lang='lat' dir='ltr'>quta</span> <span class='ocrx_word' id='word_1_253' title='bbox 347 2385 376 2431; x_wconf 85' lang='lat' dir='ltr'>ab</span> <span class='ocrx_word' id='word_1_254' title='bbox 392 2382 443 2446; x_wconf 75' lang='lat' dir='ltr'>ipsi</span> <span class='ocrx_word' id='word_1_255' title='bbox 459 2384 545 2431; x_wconf 74' lang='lat' dir='ltr'>naturis</span> <span class='ocrx_word' id='word_1_256' title='bbox 555 2385 608 2440; x_wconf 83' lang='lat' dir='ltr'>loci,</span> <span class='ocrx_word' id='word_1_257' title='bbox 626 2393 650 2431; x_wconf 84' lang='lat' dir='ltr'>ct</span> <span class='ocrx_word' id='word_1_258' title='bbox 661 2381 739 2431; x_wconf 72' lang='lat' dir='ltr'>avito</span> <span class='ocrx_word' id='word_1_259' title='bbox 756 2394 816 2429; x_wconf 86' lang='lat' dir='ltr'>corr.</span> 
     </span>
     <span class='ocr_line' id='line_1_37' title="bbox 139 2444 815 2520; baseline 0.003 -27"><span class='ocrx_word' id='word_1_260' title='bbox 139 2447 268 2501; x_wconf 81' lang='lat' dir='ltr'>suetudine,</span> <span class='ocrx_word' id='word_1_261' title='bbox 280 2444 463 2510; x_wconf 74' lang='lat' dir='ltr'>suppeditantur,</span> <span class='ocrx_word' id='word_1_262' title='bbox 475 2447 560 2520; x_wconf 73' lang='lat' dir='ltr'>‹pribus</span> <span class='ocrx_word' id='word_1_263' title='bbox 570 2448 655 2495; x_wconf 89' lang='lat' dir='ltr'>alimur</span> <span class='ocrx_word' id='word_1_264' title='bbox 669 2455 693 2495; x_wconf 82' lang='lat' dir='ltr'>ct</span> <span class='ocrx_word' id='word_1_265' title='bbox 703 2446 815 2495; x_wconf 81' lang='lat' dir='ltr'>vivimus.</span> 
     </span>
     <span class='ocr_line' id='line_1_38' title="bbox 139 2508 814 2573; baseline 0.004 -18"><span class='ocrx_word' id='word_1_266' title='bbox 139 2508 339 2573; x_wconf 78' lang='lat' dir='ltr'>Carthaginienses</span> <span class='ocrx_word' id='word_1_267' title='bbox 345 2510 654 2570; x_wconf 74' lang='lat' dir='ltr'>fraudulentretmendaoes,</span> <span class='ocrx_word' id='word_1_268' title='bbox 663 2525 711 2558; x_wconf 90' lang='lat' dir='ltr'>non</span> <span class='ocrx_word' id='word_1_269' title='bbox 716 2524 814 2573; x_wconf 63' lang='lat' dir='ltr'>genae,</span> 
     </span>
     <span class='ocr_line' id='line_1_39' title="bbox 136 2572 813 2639; baseline 0.006 -20"><span class='ocrx_word' id='word_1_270' title='bbox 136 2572 178 2619; x_wconf 82' lang='lat' dir='ltr'>sed</span> <span class='ocrx_word' id='word_1_271' title='bbox 187 2574 271 2623; x_wconf 75' lang='lat' dir='ltr'>natura</span> <span class='ocrx_word' id='word_1_272' title='bbox 279 2573 334 2635; x_wconf 81' lang='lat' dir='ltr'>loci,</span> <span class='ocrx_word' id='word_1_273' title='bbox 345 2574 417 2637; x_wconf 84' lang='lat' dir='ltr'>quod,</span> <span class='ocrx_word' id='word_1_274' title='bbox 427 2582 520 2639; x_wconf 89' lang='lat' dir='ltr'>proptcr</span> <span class='ocrx_word' id='word_1_275' title='bbox 529 2583 610 2639; x_wconf 86' lang='lat' dir='ltr'>portus</span> <span class='ocrx_word' id='word_1_276' title='bbox 619 2590 683 2635; x_wconf 90' lang='lat' dir='ltr'>suos,</span> <span class='ocrx_word' id='word_1_277' title='bbox 694 2574 776 2621; x_wconf 84' lang='lat' dir='ltr'>multis</span> <span class='ocrx_word' id='word_1_278' title='bbox 785 2583 813 2623; x_wconf 83' lang='lat' dir='ltr'>ct</span> 
     </span>
    </p>
   </div>
   <div class='ocr_carea' id='block_1_5' title="bbox 0 0 930 2909">
    <p class='ocr_par' dir='ltr' id='par_1_7' title="bbox 0 0 930 2909">
     <span class='ocr_line' id='line_1_40' title="bbox 0 0 930 2909; baseline 0 1"><span class='ocrx_word' id='word_1_279' title='bbox 0 0 930 2909; x_wconf 95' lang='lat' dir='ltr'> </span> 
     </span>
    </p>
   </div>
  </div>
 </body>
</html>
