1850 2909
191 90 239 143 DE
250 94 342 143 LEGE
352 94 516 144 AGRARIA
527 96 563 145 IL
574 97 689 147 craso.
723 98 779 150 ’289

98 222 179 271 variis
197 218 350 272 mercatorum
371 232 394 272 et
414 224 555 272 sdvenmm
576 226 727 287 sermornbus,
748 229 780 281 sd

97 288 215 335 studium
233 288 336 346 fallendi,
355 288 431 337 studio
450 293 551 353 quaectbs
568 293 713 339 vocsbmtur.
735 293 778 341 Iri.

99 366 180 413 gures
197 353 309 411 montani,
327 353 379 401 duri
396 362 467 417 atque
487 363 602 416 agrestes:
626 354 704 403 docuit
724 373 779 421 ager

100 414 169 479 ipse,
187 416 247 463 nihil
264 417 366 475 ferendo,
385 417 431 464 nisi
452 418 528 465 multi
544 419 635 467 culturi
652 429 675 467 et
693 436 779 484 magno

98 480 187 527 labore
197 481 327 545 quesitum.
345 482 459 545 Campani
473 498 563 545 semper
573 484 666 545 superbi
675 486 777 534 bonitate

99 559 226 607 agrorum,
235 554 258 593 et
265 546 383 593 fructuum
389 546 557 609 magnitudine,
565 548 628 595 urbis
635 550 777 610 salubritate,

99 608 267 672 descriptione,
284 610 461 672 pulchritudine.
489 611 530 657 Ex
550 611 594 659 hac
611 613 686 676 copiis,
707 623 778 677 atque

100 672 216 720 omnium
229 688 307 721 rerum
325 674 451 735 affluentib,
466 674 570 739 primum
582 676 623 723 ills
634 686 689 724 nats
703 687 775 735 subtr

101 737 305 801 arrogantia,·qub
318 742 332 784 s
345 740 472 799 majoribus
485 739 568 786 nostris
584 741 683 788 alterum
694 742 776 805 Capua

102 802 228 849 consulem
234 802 373 865 postulavit3
390 802 473 851 deinde
483 804 626 863 saluxuriee,
635 822 688 869 quse
697 806 775 868 ipsum

102 865 276 926 Hannibalem,
289 866 358 914 armis
373 866 442 915 etism
457 876 509 915 tum
520 868 641 929 invictum,
658 870 776 933 voluptate

103 930 170 978 vicit.
773 968 776 971 -

140 995 197 1043 Huc
207 994 246 1042 isti
260 994 382 1043 decemviri
394 1012 448 1044 cum
463 1010 587 1045 numerum
601 998 734 1046 colonorum
745 1015 775 1048 ex

103 1058 159 1122 lege
177 1059 245 1107 Rulli
262 1060 406 1120 deduxerint,
426 1070 519 1109 centum
537 1062 677 1121 decuriones,
696 1063 775 1111 decem

103 1139 213 1187 augures,
231 1139 272 1171 sex
286 1123 403 1187 pontifices
419 1126 591 1182 constituerint;
609 1142 667 1189 quos
680 1126 775 1189 illumne

105 1189 205 1247 animos,
213 1204 272 1251 quos
282 1188 390 1251 impetus,
402 1205 474 1252 quom
484 1190 600 1249 ferociam,
607 1191 655 1239 fore
665 1192 751 1254 putatis
761 1194 773 1239 i

106 1252 219 1310 Romam,
230 1253 255 1300 in
265 1254 382 1300 montibus
395 1254 493 1316 positam
504 1264 527 1301 et
537 1256 687 1314 convallibus,
699 1271 774 1303 coena·

106 1317 165 1365 culis
183 1317 298 1363 sublatam
312 1325 382 1381 atque
394 1331 537 1381 suspensam,
551 1334 597 1367 non
611 1320 704 1382 optimis
721 1320 773 1380 viis,

106 1380 273 1443 angustissimis
284 1382 379 1441 sentitis,
390 1398 438 1445 prae
450 1383 494 1430 sub
504 1384 594 1445 Capul,
605 1384 738 1447 planissimo
748 1385 774 1431 in

107 1446 158 1493 loco
169 1446 291 1508 explicati,
303 1461 329 1493 oc
345 1462 393 1509 prae
403 1446 449 1493 illis
460 1446 554 1505 semitis,
566 1447 693 1495 irridebunt
703 1457 773 1511 atque

104 1518 258 1559 contemnent.
275 1511 352 1573 Agros
363 1526 424 1569 vero,
440 1510 589 1569 Vaticanum,
601 1519 625 1558 et
637 1512 771 1574 Pupiniam,

64 1609 67 1624 .
105 1589 160 1622 cum
171 1574 218 1622 suis
234 1574 316 1637 opimis
327 1583 397 1637 etque
410 1575 520 1622 uberibus
529 1575 616 1637 campis
626 1576 773 1623 conferendos

105 1638 190 1687 sulicet
210 1640 340 1702 putabunt!
360 1638 507 1705 Oppidorum
526 1645 604 1685 autern
621 1638 772 1687 finitimorum

106 1702 171 1750 illem
186 1703 276 1766 copiam
290 1719 345 1751 cum
361 1703 412 1763 hac,
430 1719 472 1767 per
488 1702 561 1749 risum
580 1718 607 1749 sc
625 1718 666 1765 per
676 1704 771 1764 jocum,

107 1767 257 1815 contendent:
281 1768 387 1825 Labicos,
410 1768 518 1823 Fidenas,
540 1766 672 1827 Collatiam,
692 1767 774 1830 ipsum

106 1832 204 1890 (hercle)
216 1832 358 1889 Lanuvium,
369 1832 482 1891 Ariciam,
494 1831 633 1890 Tusculum,
644 1846 698 1879 cum
709 1833 772 1880 Gali-

104 1898 157 1955 bus,
169 1896 274 1955 l'heano,
291 1896 398 1959 Neapoli,
413 1895 525 1956 Puteolis,
539 1896 629 1956 Cumis,
644 1896 771 1960 Pompeiis,

106 1960 218 2019 Nucerib,
234 1963 405 2024 comparebunt.
430 1960 523 2019 Quibus
540 1960 574 2007 illi
591 1964 659 2010 rebus
677 1962 731 2009 sisti
748 1972 772 2011 et

106 2024 185 2085 inflati,
203 2026 297 2073 fortasse
313 2040 359 2073 non
372 2026 489 2083 continuo,
504 2024 545 2071 sed
560 2034 628 2085 certe,
641 2026 661 2073 si
673 2027 769 2089 paulum

105 2090 250 2138 assumserint
259 2089 378 2138 vetustatis
389 2105 415 2137 ac
421 2089 517 2151 roboris,
525 2103 570 2136 non
578 2090 754 2138 continebuntur
762 2107 769 2137 t

106 2154 275 2217 progredientur
291 2154 390 2216 longius,
411 2153 538 2201 efferentur.
556 2154 684 2217 Singularis
699 2155 771 2202 homo

106 2218 214 2282 privatus,
231 2218 276 2267 nisi
291 2219 377 2281 magnis
390 2217 502 2280 sapientiis
514 2218 632 2281 praeditns,
650 2220 689 2265 vix
704 2218 771 2266 facile

208 2383 215 2404 ἱ
376 2382 383 2405 ἱ

107 2412 224 2475 conquisiti
236 2420 305 2476 etque
324 2411 390 2459 electi
402 2410 484 2470 coloni,
503 2412 598 2473 Capora,
616 2410 641 2456 in
654 2409 770 2458 domicilio

108 2477 223 2539 superbie,
242 2484 311 2551 sque
328 2476 352 2523 in
369 2475 461 2524 sedibus
478 2474 578 2521 luxurior
594 2475 705 2533 collocati,
723 2488 770 2521 non

108 2540 181 2588 sotim
198 2539 348 2604 conqursituri
364 2540 411 2587 sint
429 2538 517 2603 aliquid
536 2538 624 2585 sceleris
635 2546 665 2585 'et
680 2536 774 2600 flagitii..

107 2604 379 2655 lnlmoveroetiamhoc
392 2603 478 2667 magis,
491 2602 609 2667 qusmilli
622 2611 771 2665 smeroeger·

139 2670 228 2730 (Oret.)
243 2683 307 2721 von.
321 2682 352 2716 11.
564 2671 606 2715 ‘lc
