1850 2909
179 93 229 140 aar
305 84 346 141 ΙΝ
357 75 561 142 cammaro
578 91 614 141 11.
629 90 729 140 orna

209 217 360 284 Quamquam
370 221 418 278 isti,
429 221 471 283 qui
482 220 606 268 Catilinam
617 218 749 268 Massiliam
758 217 848 266 inedic-
912 257 913 260 ,

177 282 307 342 tilautnon
316 293 364 331 tam
370 285 754 360 hocqueruntur,qusmverentur.
769 282 848 330 Nemo

177 355 212 393 est
226 348 323 395 istorum
333 357 382 395 tam
392 348 526 406 misericors,
539 363 580 411 qur
590 348 657 394 illum
668 361 715 394 non
729 346 760 393 ad
775 347 849 393 Man·
912 343 913 388 l

176 410 245 468 lium,
257 427 328 474 quam
339 412 369 458 ad
380 411 543 470 Massilienses,
555 412 588 458 ire
597 411 671 458 malit.
695 411 741 457 Ille
757 418 846 468 autem,
912 415 913 438 ¹

177 474 357 534 si(mehercule)
367 476 419 534 hoc,
431 475 494 538 quod
509 475 564 538 agit,
581 490 630 522 nun
647 489 702 521 uam
718 483 775 520 ante
786 474 848 536 cogi·
912 479 913 484 ’

176 537 254 597 &sset
265 548 343 587 tamen
353 539 526 587 latrocinantem
537 538 605 586 seint
646 539 666 586 ci
676 538 767 596 mallet,
777 553 850 601 quam
912 539 913 580 l

177 604 279 650 exsulem
299 603 380 650 vivere.
408 603 479 651 Nunc
497 618 558 660 vero,
578 618 632 650 oum
650 603 672 650 ei
688 601 749 648 nihil
771 603 849 649 adhuc

175 677 258 728 praeter
272 667 344 730 ipsius
361 667 503 715 voluntatem
514 666 719 730 cogitationemque
729 665 847 724 occiderit,

175 729 220 776 nisi
231 731 293 793 quod
304 731 361 778 vivis
371 731 439 806 nobiq
448 732 526 805 llomi
541 730 655 794 profectus
670 737 720 785 este
739 738 849 792 optemus

175 802 347 906 Po‘lllfff‘sii
355 795 594 906 ffill’rlffi
602 809 815 920 tultum,
826 867 849 906 a

175 920 238 968 deeo
247 923 320 979 hoste,
329 923 371 986 qui
378 924 428 983 jam
436 923 521 986 fatetur
531 937 556 970 se
564 921 719 978 essehostem3
732 931 755 968 et
763 937 845 984 quem,

192 985 231 1032 uia
239 987 313 1050 (quod
323 1002 411 1050 semper
422 987 494 1046 volui)
505 1001 585 1034 murus
596 987 696 1043 interest,
703 999 751 1032 non
757 985 845 1041 timent

175 1001 205 1096 de
218 1050 263 1109 his,
280 1051 321 1114 qui
336 1051 488 1110 dissimulant,
505 1051 546 1114 qui
565 1051 647 1098 Romae
659 1057 788 1108 remanent,
806 1051 848 1113 qui
912 1081 913 1108 3

175 1115 295 1162 nobiscum
306 1124 368 1174 sunt,
379 1115 438 1164 nihil
448 1115 565 1162 dicimus?
582 1129 639 1178 quos
650 1113 745 1177 quidem
755 1129 809 1176 ego,
827 1113 848 1160 ai

174 1177 223 1224 ullo
234 1178 304 1226 modo
314 1179 363 1227 fieri
372 1179 453 1243 possit,
465 1189 511 1226 non
522 1187 570 1225 tem
581 1177 658 1226 ulcisci
668 1176 758 1236 studeo,
771 1193 846 1240 quam
912 1187 913 1214 1

175 1255 263 1301 sanare,
276 1250 299 1288 et
309 1243 370 1307 ipsos
379 1244 469 1307 placare
479 1241 623 1306 reipublice:
641 1255 723 1304 neque,
735 1241 760 1288 id
771 1256 845 1304 quare
912 1291 913 1300 ἵ

174 1305 224 1353 fieri
234 1321 281 1353 non
292 1307 370 1370 possit,
382 1309 402 1354 si
412 1323 451 1354 me
467 1306 545 1353 audire
555 1307 640 1364 volent,
655 1305 767 1366 intelligo
793 1305 845 1352 Ex·
912 1303 913 1330 ³

173 1384 260 1432 ponam
268 1371 329 1418 enim
340 1372 412 1430 vobis,
424 1371 534 1430 Quirites,
542 1385 571 1416 ex
579 1370 663 1434 quibus
670 1369 794 1442 generibus
802 1369 845 1416 ho·

174 1432 845 1610 {lffldllnliliililniffiiliffl}
912 1465 913 1500 ³

207 1579 277 1611 eram.

206 1627 288 1675 Unum
299 1643 371 1692 genus
381 1637 415 1676 est
421 1643 509 1687 eorum,
534 1628 568 1686 ui,
575 1626 692 1691 magnoin
703 1641 748 1673 aere
756 1625 842 1684 alluo,

172 1693 271 1752 maiores
281 1693 350 1740 etiam
365 1693 515 1756 possessiones
561 1695 630 1748 bent3
648 1705 747 1755 quarum
763 1705 845 1738 amore

173 1754 275 1815 adducti,
286 1757 379 1805 dissolvi
390 1757 455 1804 nullo
464 1755 534 1803 modo
544 1764 645 1819 possunt.
663 1755 757 1802 Horum
765 1753 845 1802 homi·
912 1781 913 1786 =

173 1833 232 1866 num
243 1821 327 1882 species
337 1830 371 1869 est
380 1820 541 1868 honestissimo
549 1824 613 1873 (sunt
623 1819 685 1868 euim
695 1819 844 1882 locupletes),

172 1883 278 1931 voluntas
288 1901 342 1932 vero
352 1895 375 1934 et
385 1900 453 1944 rausa
463 1884 667 1948 impudentissima·
684 1882 724 1930 'l'u
732 1883 805 1945 agris,
818 1892 845 1930 tu

174 1946 284 2006 adificiis,
302 1956 329 1996 tu
339 1957 441 2011 argento,
458 1957 485 1996 tu
502 1949 599 2008 familis,
610 1956 636 1995 tu
653 1949 721 1995 rebus
731 1947 844 1994 omnibus

172 2018 264 2058 omanis
275 2020 298 2059 et
308 2013 411 2076 oopIosus
422 2013 468 2069 eise
486 2021 509 2060 et
519 2013 609 2060 dubites
619 2012 647 2059 de
655 2009 795 2086 posmssione
802 2011 844 2058 de-

171 2073 269 2133 trahere,
280 2077 396 2140 acquirere
405 2078 436 2124 ad
443 2077 513 2124 fidem
522 2079 533 2124 l
553 2076 619 2143 Quid
629 2091 690 2123 enim
703 2078 843 2138 exspectas?

170 2139 279 2188 bellum?
299 2140 374 2204 quid?
391 2156 454 2204 ergo,
472 2141 496 2188 in
515 2141 640 2188 vastatione
656 2139 770 2197 omnium,
788 2148 843 2187 tuas

172 2205 324 2266 possessiones
331 2214 482 2253 sacrosanctos
492 2205 581 2252 futures
591 2213 659 2268 putas
669 2206 680 2251 l
697 2203 738 2250 An
749 2204 842 2251 tabulas

131 2329 134 2337 1
172 2281 244 2315 novas
254 2272 265 2316 ἓ
281 2277 365 2328 errant,
377 2268 418 2333 qui
428 2269 482 2316 istas
491 2286 505 2316 a
515 2269 616 2316 Catilina
626 2275 773 2330 exspectant..
782 2265 841 2315 Meo

171 2333 281 2381 beneficio
291 2334 376 2381 tabula
388 2347 453 2381 norro
469 2333 618 2397 proferentur,
630 2347 710 2380 verum
721 2330 840 2378 auctiona-
912 2331 913 2382 ξ

172 2395 226 2442 rire:
244 2397 392 2460 nequeenim
408 2398 454 2457 isti,
466 2397 507 2460 qui
516 2397 665 2461 possessiones
681 2395 776 2452 habent,
792 2394 839 2442 elil
912 2397 913 2444 l

171 2458 259 2506 ratione
268 2461 319 2507 ulls
329 2461 386 2508 salvi
396 2477 444 2509 esse
454 2471 556 2524 possunt.
573 2460 672 2520 Quodsi
682 2459 794 2507 maturius
805 2459 841 2505 fa-

172 2535 222 2568 cere
237 2524 370 2584 voluissent,
386 2540 462 2588 neque
479 2525 522 2584 (id,
540 2525 603 2588 quod
618 2523 780 2572 stultissimum
796 2531 840 2582 est)

170 2588 689 2653 sumeounuauisfruetibusproediorume
706 2587 839 2652 etloorple·
