1850 2909
237 96 310 148 PRO
323 94 509 149 obventio.
525 96 590 147 Gir.
601 98 643 147 le.
722 102 771 149 209

104 235 206 347 rfflitssnptti
215 238 437 401 Ἑπιᾚωᾍ,
448 304 519 353 quem
529 225 774 349 fflffie

107 354 216 403 monium
243 354 329 411 uxerit3
341 354 383 419 qni
391 354 514 418 pecuniam
524 368 566 416 pro
575 353 668 416 petione
674 354 773 413 dederit3

109 419 152 483 qui
170 432 270 478 sociem,
287 419 328 482 qui
343 434 448 478 uorem,
463 418 505 481 qui
520 432 569 465 uno
584 426 686 480 tempore
700 418 776 467 fratum

109 498 217 542 uxorem,
228 490 372 546 speratosque
385 483 477 540 liberos,
487 481 628 545 fratremque
637 482 723 544 ipsum,
734 483 775 546 qni

107 546 211 609 denique
220 562 273 594 siros
285 546 367 594 liberos
377 546 525 602 interfecerim
537 545 587 609 qui,
598 560 652 592 cum
662 560 776 593 venenum

108 610 217 673 privigno
234 626 275 658 siin
291 616 409 674 quereret,
426 610 548 657 manifesto
564 610 594 657 sit
608 608 776 673 demitharum

109 674 179 734 cijus
186 674 294 721 ministris
302 673 742 737 mnsdisquedumntdsipscidductus
751 676 777 722 iii

108 737 225 799 judicium
234 738 355 801 pecuniam
364 738 436 799 judici
444 738 532 785 dederit
542 738 572 785 id
586 738 707 785 sententies
715 738 778 799 judi·

108 800 778 928 imiifflffilffitffiiisiffl·

111 928 160 976 niis
175 930 261 977 crimen
276 900 401 985 tinebitiin
418 929 476 991 quid
490 937 531 989 est,
543 928 606 993 quod
615 936 639 975 te
648 929 692 976 isti
701 882 778 977 oppenw-

111 992 156 1051 ris,
166 992 213 1040 sive
220 994 324 1041 voluntas
335 993 381 1041 sive
387 992 464 1055 opinio
474 992 527 1049 fuit,
538 992 655 1053 adjuvere,
666 1001 707 1040 eut
716 993 779 1041 hunc

110 1056 259 1105 innocentem
269 1058 404 1120 opprimere,
416 1072 482 1120 posse
492 1055 615 1104 rideatur?

147 1119 228 1168 xiv.
245 1120 310 1178 Quid
320 1121 390 1183 igitur
403 1134 506 1168 censores
519 1120 591 1167 secuti
606 1124 680 1169 sunt?
695 1134 725 1168 ne
734 1120 779 1185 ipsi

111 1184 219 1247 quidem,
227 1192 254 1231 nt
260 1185 393 1247 gravissime
398 1184 482 1243 dicem,
490 1183 617 1247 quidquem
625 1184 777 1245 mundent,

113 1255 198 1311 preter
215 1262 342 1295 sermonem
360 1256 430 1310 etque
443 1248 545 1295 famem:
563 1248 621 1294 nihil
637 1264 661 1295 se
675 1250 778 1309 mein,

114 1312 175 1359 nihil
189 1310 282 1369 tabulis,
299 1311 356 1358 nihil
371 1312 436 1375 gravi
446 1312 525 1373 aliquo
535 1320 678 1374 argumento,
689 1327 780 1376 compe-

112 1375 179 1435 ri'sse,
191 1374 249 1421 nihil
259 1376 365 1437 denique,
381 1375 451 1423 causi
464 1376 563 1437 cognite,
578 1375 682 1422 stetisse
697 1376 780 1424 dicent.

112 1438 220 1498 Quodsi
233 1440 266 1485 ita
281 1439 391 1499 fecissent,
403 1447 479 1486 temen
496 1438 521 1485 id
536 1453 583 1485 non
598 1438 631 1485 ite
644 1438 719 1485 fixum
734 1454 781 1486 esse

115 1503 217 1562 deberet,
228 1510 255 1550 ut
266 1504 361 1550 convelli
371 1518 417 1551 uon
428 1503 512 1551 liceret.
529 1503 585 1550 Noti
597 1510 650 1548 utar
664 1503 781 1564 exemplo-

113 1566 489 1694 fflfflcimiiii
499 1580 550 1677 'it
556 1573 782 1691 iffi&

169 1726 176 1740 .
242 1710 283 1757 per
296 1695 413 1743 hominem
429 1703 530 1753 tenuem,
542 1694 639 1741 sentem
650 1692 782 1752 aedilidum,

119 1758 151 1805 D.
164 1758 311 1817 Metrinium,
322 1772 376 1805 cum
390 1758 540 1806 defendissem
550 1756 613 1820 apud
623 1756 660 1803 M.
672 1756 782 1815 Junium,

117 1822 151 1882 Q.
158 1822 420 1885 Publicium,pi·aetcrcs,
428 1830 451 1872 et
461 1822 498 1869 M.
508 1821 651 1880 Plaetorium,
659 1820 686 1869 G·
694 1820 783 1867 Flemi-
813 1854 821 1863 .

116 1887 193 1945 nium,
204 1886 280 1933 ediles
290 1886 391 1941 curulesr
407 1886 517 1949 persuasi,
527 1893 556 1932 ut
565 1886 661 1933 mnam
670 1884 742 1945 jurati
751 1886 785 1932 le·

117 1959 198 2015 gerent
208 1964 270 2008 eum,
281 1964 351 2013 quem
361 1949 431 1997 iidem
446 1950 486 1997 isti
501 1964 601 1997 oensores
617 1949 721 1997 aeriuium
731 1948 785 1996 reli·

118 2014 229 2078 *quiesse
245 2014 308 2061 Cum
316 2013 378 2061 enini
388 2013 413 2060 in
423 2014 517 2061 homine
526 2014 593 2061 nulls
602 2014 670 2076 culpe
677 2012 786 2076 reperire

118 2087 173 2135 tur3
190 2077 247 2141 quid
261 2078 301 2126 ille
312 2077 439 2136 meniisset,
456 2092 503 2125 non
518 2076 614 2140 quidde
630 2092 658 2123 ec
672 2085 785 2124 stitutum

121 2150 188 2201 esset,
197 2141 346 2205 querendum
356 2156 404 2189 esse
413 2140 537 2188 duxerunt.
554 2142 617 2188 Nem
623 2139 673 2187 hec
681 2140 784 2205 quidem,

119 2220 175 2270 quie
185 2206 213 2253 ue
225 2204 312 2266 judicio
322 2214 427 2268 corrupto
438 2205 618 2268 subscripserint,
628 2205 680 2267 quis
690 2212 733 2263 est,
744 2202 785 2265 qui

121 2273 153 2319 ab
160 2270 206 2317 illis
214 2270 267 2319 setis
275 2269 365 2332 cognita
376 2278 399 2317 et
405 2269 526 2333 diligenter
534 2269 635 2330 judicetis
645 2267 785 2314 arbitretur?

122 2333 153 2384 In
165 2334 203 2383 Μ’
213 2333 347 2398 Aquillium
360 2332 417 2381 etin
432 2334 463 2381 Τ.
475 2334 573 2381 Guttam
588 2331 653 2379 video
669 2345 716 2377 esse
731 2329 787 2376 sub-

122 2400 240 2462 scriptum.
265 2398 331 2457 Quid
346 2406 380 2445 cst
394 2398 454 2446 hoc?
471 2398 528 2444 dnos
542 2412 589 2443 esse
603 2402 719 2455 corruptos
729 2392 789 2439 solos

121 2461 239 2527 pecunii?
259 2461 324 2522 Quid
335 2462 425 2510 caeteii?
443 2461 547 2509 videlicet
561 2458 632 2521 gistis
650 2454 789 2526 condemni-

123 2536 186 2575 runt
213 2527 269 2574 Non
283 2534 317 2574 est
329 2526 400 2589 igitur
410 2526 584 2580 circumventus,
594 2536 642 2568 ncn
652 2528 686 2567 est
696 2534 789 2581 oppres-

124 2605 164 2640 sus
171 2590 279 2655 pannii:
291 2604 337 2639 nou
349 2594 386 2644 (ut
395 2590 442 2638 ille
448 2584 710 2697 Quintianepcpcicnes
720 2583 791 2630 hehe-
