<?xml version="1.0" encoding="UTF-8"?>
<!DOCTYPE html PUBLIC "-//W3C//DTD XHTML 1.0 Transitional//EN"
    "http://www.w3.org/TR/xhtml1/DTD/xhtml1-transitional.dtd">
<html xmlns="http://www.w3.org/1999/xhtml" xml:lang="en" lang="en">
 <head>
  <title>
</title>
<meta http-equiv="Content-Type" content="text/html;charset=utf-8" />
  <meta name='ocr-system' content='tesseract 3.04.00' />
  <meta name='ocr-capabilities' content='ocr_page ocr_carea ocr_par ocr_line ocrx_word'/>
</head>
<body>
  <div class='ocr_page' id='page_1' title='image "./operaexeditioni00ernegoog_0205.png"; bbox 0 0 1850 2909; ppageno 0'>
   <div class='ocr_carea' id='block_1_1' title="bbox 226 65 760 134">
    <p class='ocr_par' dir='ltr' id='par_1_1' title="bbox 226 65 760 134">
     <span class='ocr_line' id='line_1_1' title="bbox 226 65 760 134; baseline 0.004 -19"><span class='ocrx_word' id='word_1_1' title='bbox 226 65 294 116; x_wconf 84' lang='lat' dir='ltr'><strong>PRO</strong></span> <span class='ocrx_word' id='word_1_2' title='bbox 311 65 498 134; x_wconf 76' lang='lat' dir='ltr'>OLUENTIO</span> <span class='ocrx_word' id='word_1_3' title='bbox 515 67 579 117; x_wconf 80' lang='lat' dir='ltr'><strong>Car·</strong></span> <span class='ocrx_word' id='word_1_4' title='bbox 589 70 629 119; x_wconf 73' lang='grc'><strong>29.</strong></span> <span class='ocrx_word' id='word_1_5' title='bbox 713 68 760 130; x_wconf 76' lang='lat' dir='ltr'><strong>lat</strong></span> 
     </span>
    </p>
   </div>
   <div class='ocr_carea' id='block_1_2' title="bbox 93 181 823 1664">
    <p class='ocr_par' dir='ltr' id='par_1_2' title="bbox 93 181 823 1664">
     <span class='ocr_line' id='line_1_2' title="bbox 94 181 823 270; baseline 0.003 -28"><span class='ocrx_word' id='word_1_6' title='bbox 94 193 217 258; x_wconf 81' lang='lat' dir='ltr'><strong>disciplini</strong></span> <span class='ocrx_word' id='word_1_7' title='bbox 231 193 405 270; x_wconf 59' lang='lat' dir='ltr'><strong>judiciorum</strong></span> <span class='ocrx_word' id='word_1_8' title='bbox 405 196 446 260; x_wconf 86' lang='lat' dir='ltr'><strong>qui</strong></span> <span class='ocrx_word' id='word_1_9' title='bbox 466 211 541 259; x_wconf 84' lang='lat' dir='ltr'><strong>neque</strong></span> <span class='ocrx_word' id='word_1_10' title='bbox 555 196 671 244; x_wconf 84' lang='lat' dir='ltr'><strong>absolvere</strong></span> <span class='ocrx_word' id='word_1_11' title='bbox 686 195 762 244; x_wconf 88' lang='lat' dir='ltr'><strong>homi·</strong></span> <span class='ocrx_word' id='word_1_12' title='bbox 815 181 823 190; x_wconf 73' lang='grc'><strong>’</strong></span> 
     </span>
     <span class='ocr_line' id='line_1_3' title="bbox 93 255 764 341; baseline 0.003 -35"><span class='ocrx_word' id='word_1_13' title='bbox 93 255 341 314; x_wconf 81' lang='lat' dir='ltr'><strong>nemnccentissimum</strong></span> <span class='ocrx_word' id='word_1_14' title='bbox 344 269 445 341; x_wconf 82' lang='lat' dir='ltr'><strong>possent,</strong></span> <span class='ocrx_word' id='word_1_15' title='bbox 455 275 530 323; x_wconf 91' lang='lat' dir='ltr'><strong>neque</strong></span> <span class='ocrx_word' id='word_1_16' title='bbox 540 275 603 318; x_wconf 90' lang='lat' dir='ltr'><strong>eum,</strong></span> <span class='ocrx_word' id='word_1_17' title='bbox 610 259 639 308; x_wconf 90' lang='lat' dir='ltr'><strong>de</strong></span> <span class='ocrx_word' id='word_1_18' title='bbox 649 275 695 323; x_wconf 89' lang='lat' dir='ltr'><strong>quo</strong></span> <span class='ocrx_word' id='word_1_19' title='bbox 705 268 764 308; x_wconf 82' lang='lat' dir='ltr'><strong>esset</strong></span> 
     </span>
     <span class='ocr_line' id='line_1_4' title="bbox 94 294 764 387; baseline -0.003 -15"><span class='ocrx_word' id='word_1_20' title='bbox 94 331 146 372; x_wconf 86' lang='lat' dir='ltr'><strong>orta</strong></span> <span class='ocrx_word' id='word_1_21' title='bbox 154 321 260 387; x_wconf 86' lang='lat' dir='ltr'><strong>suspicio,</strong></span> <span class='ocrx_word' id='word_1_22' title='bbox 269 323 366 386; x_wconf 72' lang='lat' dir='ltr'><strong>pecuniis</strong></span> <span class='ocrx_word' id='word_1_23' title='bbox 405 334 545 387; x_wconf 76' lang='lat' dir='ltr'><strong>pugnatum,</strong></span> <span class='ocrx_word' id='word_1_24' title='bbox 553 339 578 371; x_wconf 92' lang='lat' dir='ltr'><strong>re</strong></span> <span class='ocrx_word' id='word_1_25' title='bbox 587 294 646 370; x_wconf 74' lang='lat' dir='ltr'><strong>ihs·</strong></span> <span class='ocrx_word' id='word_1_26' title='bbox 639 324 764 387; x_wconf 69' lang='lat' dir='ltr'><strong>incogniti,</strong></span> 
     </span>
     <span class='ocr_line' id='line_1_5' title="bbox 93 339 764 463; baseline 0.003 -29.058"><span class='ocrx_word' id='word_1_27' title='bbox 93 387 172 450; x_wconf 87' lang='lat' dir='ltr'><strong>primo</strong></span> <span class='ocrx_word' id='word_1_28' title='bbox 193 386 342 434; x_wconf 81' lang='lat' dir='ltr'><strong>condemnare</strong></span> <span class='ocrx_word' id='word_1_29' title='bbox 363 339 456 463; x_wconf 67' lang='lat' dir='ltr'><strong>veiient)</strong></span> <span class='ocrx_word' id='word_1_30' title='bbox 478 404 525 436; x_wconf 91' lang='lat' dir='ltr'><strong>non</strong></span> <span class='ocrx_word' id='word_1_31' title='bbox 543 388 630 451; x_wconf 80' lang='lat' dir='ltr'>liquere</span> <span class='ocrx_word' id='word_1_32' title='bbox 648 388 764 436; x_wconf 76' lang='lat' dir='ltr'><strong>diamant.</strong></span> 
     </span>
     <span class='ocr_line' id='line_1_6' title="bbox 95 451 765 526; baseline 0.001 -28"><span class='ocrx_word' id='word_1_33' title='bbox 95 451 214 514; x_wconf 86' lang='lat' dir='ltr'>Nonnulli</span> <span class='ocrx_word' id='word_1_34' title='bbox 225 459 311 511; x_wconf 84' lang='lat' dir='ltr'><strong>autem,</strong></span> <span class='ocrx_word' id='word_1_35' title='bbox 319 467 389 500; x_wconf 84' lang='lat' dir='ltr'><strong>severi</strong></span> <span class='ocrx_word' id='word_1_36' title='bbox 381 452 511 510; x_wconf 72' lang='lat' dir='ltr'><strong>homines,</strong></span> <span class='ocrx_word' id='word_1_37' title='bbox 519 453 563 501; x_wconf 92' lang='lat' dir='ltr'><strong>hoc</strong></span> <span class='ocrx_word' id='word_1_38' title='bbox 572 460 709 512; x_wconf 79' lang='lat' dir='ltr'><strong>satuerunt,</strong></span> <span class='ocrx_word' id='word_1_39' title='bbox 718 467 765 526; x_wconf 87' lang='lat' dir='ltr'><strong>quo</strong></span> 
     </span>
     <span class='ocr_line' id='line_1_7' title="bbox 130 514 765 598; baseline 0.002 -36"><span class='ocrx_word' id='word_1_40' title='bbox 130 515 283 594; x_wconf 69' lang='lat' dir='ltr'><strong>isqueanipio</strong></span> <span class='ocrx_word' id='word_1_41' title='bbox 293 515 350 598; x_wconf 91' lang='lat' dir='ltr'><strong>quid</strong></span> <span class='ocrx_word' id='word_1_42' title='bbox 359 517 450 575; x_wconf 82' lang='lat' dir='ltr'><strong>iaceret,</strong></span> <span class='ocrx_word' id='word_1_43' title='bbox 462 517 558 580; x_wconf 86' lang='lat' dir='ltr'><strong>spectari</strong></span> <span class='ocrx_word' id='word_1_44' title='bbox 568 524 686 579; x_wconf 79' lang='lat' dir='ltr'>oportere,</span> <span class='ocrx_word' id='word_1_45' title='bbox 702 524 733 573; x_wconf 81' lang='lat' dir='ltr'><strong>et,</strong></span> <span class='ocrx_word' id='word_1_46' title='bbox 745 514 765 563; x_wconf 88' lang='lat' dir='ltr'><strong>si</strong></span> 
     </span>
     <span class='ocr_line' id='line_1_8' title="bbox 96 515 766 654; baseline 0.003 -28"><span class='ocrx_word' id='word_1_47' title='bbox 96 515 145 653; x_wconf 55' lang='lat' dir='ltr'><strong>¹dlii,</strong></span> <span class='ocrx_word' id='word_1_48' title='bbox 154 578 251 642; x_wconf 81' lang='lat' dir='ltr'><strong>peeunii</strong></span> <span class='ocrx_word' id='word_1_49' title='bbox 261 579 360 654; x_wconf 75' lang='lat' dir='ltr'><strong>accepts,</strong></span> <span class='ocrx_word' id='word_1_50' title='bbox 367 596 447 628; x_wconf 89' lang='lat' dir='ltr'><strong>verum</strong></span> <span class='ocrx_word' id='word_1_51' title='bbox 455 580 597 641; x_wconf 86' lang='lat' dir='ltr'><strong>judicabant,</strong></span> <span class='ocrx_word' id='word_1_52' title='bbox 604 588 682 630; x_wconf 84' lang='lat' dir='ltr'><strong>tamen</strong></span> <span class='ocrx_word' id='word_1_53' title='bbox 692 579 766 628; x_wconf 82' lang='lat' dir='ltr'><strong>nihilo</strong></span> 
     </span>
     <span class='ocr_line' id='line_1_9' title="bbox 96 643 765 707; baseline 0.003 -17"><span class='ocrx_word' id='word_1_54' title='bbox 96 643 176 691; x_wconf 85' lang='lat' dir='ltr'><strong>minus</strong></span> <span class='ocrx_word' id='word_1_55' title='bbox 186 659 210 691; x_wconf 89' lang='lat' dir='ltr'><strong>se</strong></span> <span class='ocrx_word' id='word_1_56' title='bbox 218 644 369 707; x_wconf 88' lang='lat' dir='ltr'><strong>superioribus</strong></span> <span class='ocrx_word' id='word_1_57' title='bbox 378 645 425 692; x_wconf 88' lang='lat' dir='ltr'><strong>suis</strong></span> <span class='ocrx_word' id='word_1_58' title='bbox 435 645 527 706; x_wconf 81' lang='lat' dir='ltr'><strong>judiciis</strong></span> <span class='ocrx_word' id='word_1_59' title='bbox 539 653 640 693; x_wconf 75' lang='lat' dir='ltr'><strong>constare</strong></span> <span class='ocrx_word' id='word_1_60' title='bbox 650 646 765 707; x_wconf 81' lang='lat' dir='ltr'><strong>putabant</strong></span> 
     </span>
     <span class='ocr_line' id='line_1_10' title="bbox 96 707 765 772; baseline 0 -16"><span class='ocrx_word' id='word_1_61' title='bbox 96 716 208 770; x_wconf 82' lang='lat' dir='ltr'><strong>oportere.</strong></span> <span class='ocrx_word' id='word_1_62' title='bbox 228 708 311 772; x_wconf 84' lang='lat' dir='ltr'><strong>Itaque</strong></span> <span class='ocrx_word' id='word_1_63' title='bbox 321 707 467 756; x_wconf 84' lang='lat' dir='ltr'><strong>damnarunt.</strong></span> <span class='ocrx_word' id='word_1_64' title='bbox 489 708 600 772; x_wconf 86' lang='lat' dir='ltr'><strong>Quinque</strong></span> <span class='ocrx_word' id='word_1_65' title='bbox 610 709 704 757; x_wconf 88' lang='lat' dir='ltr'><strong>omnino</strong></span> <span class='ocrx_word' id='word_1_66' title='bbox 714 707 765 756; x_wconf 80' lang='lat' dir='ltr'><strong>fue·</strong></span> 
     </span>
     <span class='ocr_line' id='line_1_11' title="bbox 96 771 786 852; baseline 0.004 -34"><span class='ocrx_word' id='word_1_67' title='bbox 96 779 162 845; x_wconf 84' lang='lat' dir='ltr'><strong>rpnt,</strong></span> <span class='ocrx_word' id='word_1_68' title='bbox 180 771 221 836; x_wconf 90' lang='lat' dir='ltr'><strong>qui</strong></span> <span class='ocrx_word' id='word_1_69' title='bbox 235 771 302 818; x_wconf 88' lang='lat' dir='ltr'><strong>illum</strong></span> <span class='ocrx_word' id='word_1_70' title='bbox 316 780 416 820; x_wconf 86' lang='lat' dir='ltr'><strong>vestium</strong></span> <span class='ocrx_word' id='word_1_71' title='bbox 435 772 578 820; x_wconf 84' lang='lat' dir='ltr'><strong>innocentem</strong></span> <span class='ocrx_word' id='word_1_72' title='bbox 597 772 764 852; x_wconf 77' lang='lat' dir='ltr'><strong>Oppianicum,</strong></span> <span class='ocrx_word' id='word_1_73' title='bbox 783 787 786 792; x_wconf 92' lang='lat'>·</span> 
     </span>
     <span class='ocr_line' id='line_1_12' title="bbox 96 834 765 900; baseline 0.003 -18"><span class='ocrx_word' id='word_1_74' title='bbox 96 834 145 882; x_wconf 87' lang='lat' dir='ltr'><strong>sive</strong></span> <span class='ocrx_word' id='word_1_75' title='bbox 161 835 325 898; x_wconf 64' lang='grc' dir='ltr'>ἱιιιριιιᾱιιιιὶᾒ,</span> <span class='ocrx_word' id='word_1_76' title='bbox 339 836 385 884; x_wconf 84' lang='lat' dir='ltr'><strong>sive</strong></span> <span class='ocrx_word' id='word_1_77' title='bbox 394 835 585 896; x_wconf 84' lang='lat' dir='ltr'><strong>misericordia,</strong></span> <span class='ocrx_word' id='word_1_78' title='bbox 567 852 614 884; x_wconf 85' lang='lat' dir='ltr'><strong>sive</strong></span> <span class='ocrx_word' id='word_1_79' title='bbox 630 835 708 900; x_wconf 78' lang='lat' dir='ltr'><strong>aliqui</strong></span> <span class='ocrx_word' id='word_1_80' title='bbox 724 851 765 884; x_wconf 89' lang='lat' dir='ltr'><strong>su·</strong></span> 
     </span>
     <span class='ocr_line' id='line_1_13' title="bbox 95 899 764 1026; baseline 0.003 -16"><span class='ocrx_word' id='word_1_81' title='bbox 95 899 573 1026; x_wconf 51' lang='lat' dir='ltr'><strong>mgddiihihlddmmobddthhichdhhcd&#39;maiaw</strong></span> <span class='ocrx_word' id='word_1_82' title='bbox 569 901 764 1024; x_wconf 44' lang='grc' dir='ltr'><strong>1Ονιιπιιθιιιὶιξιι,1ιοιιιιι</strong></span> 
     </span>
     <span class='ocr_line' id='line_1_14' title="bbox 96 1027 765 1173; baseline 0.003 -35"><span class='ocrx_word' id='word_1_83' title='bbox 96 1027 621 1173; x_wconf 49' lang='lat' dir='ltr'><strong>ffiiffiii‘hiiiiifflpmdiiiii</strong></span> <span class='ocrx_word' id='word_1_84' title='bbox 628 1029 765 1140; x_wconf 58' lang='lat' dir='ltr'><strong>trith</strong></span> 
     </span>
     <span class='ocr_line' id='line_1_15' title="bbox 96 1154 764 1230; baseline 0 -28"><span class='ocrx_word' id='word_1_85' title='bbox 96 1154 195 1230; x_wconf 76' lang='lat' dir='ltr'><strong>putavit,</strong></span> <span class='ocrx_word' id='word_1_86' title='bbox 206 1161 233 1201; x_wconf 91' lang='lat' dir='ltr'><strong>ut</strong></span> <span class='ocrx_word' id='word_1_87' title='bbox 243 1171 273 1202; x_wconf 89' lang='lat' dir='ltr'><strong>eii</strong></span> <span class='ocrx_word' id='word_1_88' title='bbox 282 1154 369 1202; x_wconf 82' lang='lat' dir='ltr'><strong>invidia</strong></span> <span class='ocrx_word' id='word_1_89' title='bbox 378 1155 491 1202; x_wconf 70' lang='lat' dir='ltr'><strong>senatorii</strong></span> <span class='ocrx_word' id='word_1_90' title='bbox 499 1168 575 1218; x_wconf 81' lang='lat' dir='ltr'><strong>posset</strong></span> <span class='ocrx_word' id='word_1_91' title='bbox 584 1171 689 1216; x_wconf 81' lang='lat' dir='ltr'><strong>crescere,</strong></span> <span class='ocrx_word' id='word_1_92' title='bbox 700 1154 764 1230; x_wconf 85' lang='lat' dir='ltr'><strong>quod</strong></span> 
     </span>
     <span class='ocr_line' id='line_1_16' title="bbox 97 1217 764 1294; baseline 0 -28"><span class='ocrx_word' id='word_1_93' title='bbox 97 1219 147 1279; x_wconf 85' lang='lat' dir='ltr'><strong>ejus</strong></span> <span class='ocrx_word' id='word_1_94' title='bbox 157 1217 243 1266; x_wconf 75' lang='lat' dir='ltr'><strong>ordinis</strong></span> <span class='ocrx_word' id='word_1_95' title='bbox 257 1218 344 1279; x_wconf 86' lang='lat' dir='ltr'><strong>judicia</strong></span> <span class='ocrx_word' id='word_1_96' title='bbox 353 1219 431 1266; x_wconf 87' lang='lat' dir='ltr'><strong>minus</strong></span> <span class='ocrx_word' id='word_1_97' title='bbox 442 1220 493 1280; x_wconf 90' lang='lat' dir='ltr'><strong>jam</strong></span> <span class='ocrx_word' id='word_1_98' title='bbox 503 1219 594 1282; x_wconf 86' lang='lat' dir='ltr'><strong>probari</strong></span> <span class='ocrx_word' id='word_1_99' title='bbox 605 1221 692 1294; x_wconf 87' lang='lat' dir='ltr'><strong>populo</strong></span> <span class='ocrx_word' id='word_1_100' title='bbox 701 1219 764 1270; x_wconf 90' lang='lat' dir='ltr'><strong>arbi</strong></span> 
     </span>
     <span class='ocr_line' id='line_1_17' title="bbox 97 1282 765 1346; baseline 0.007 -18"><span class='ocrx_word' id='word_1_101' title='bbox 97 1285 208 1330; x_wconf 85' lang='lat' dir='ltr'><strong>trabatur.</strong></span> <span class='ocrx_word' id='word_1_102' title='bbox 226 1282 332 1330; x_wconf 82' lang='lat' dir='ltr'><strong>Habetin</strong></span> <span class='ocrx_word' id='word_1_103' title='bbox 342 1291 463 1346; x_wconf 89' lang='lat' dir='ltr'><strong>unaatque</strong></span> <span class='ocrx_word' id='word_1_104' title='bbox 470 1283 542 1330; x_wconf 79' lang='lat' dir='ltr'><strong>altera</strong></span> <span class='ocrx_word' id='word_1_105' title='bbox 554 1299 632 1332; x_wconf 77' lang='lat' dir='ltr'><strong>conco</strong></span> <span class='ocrx_word' id='word_1_106' title='bbox 642 1284 765 1333; x_wconf 81' lang='lat' dir='ltr'><strong>vehernena</strong></span> 
     </span>
     <span class='ocr_line' id='line_1_18' title="bbox 96 1346 765 1410; baseline 0.004 -16"><span class='ocrx_word' id='word_1_107' title='bbox 96 1355 120 1394; x_wconf 90' lang='lat' dir='ltr'><strong>et</strong></span> <span class='ocrx_word' id='word_1_108' title='bbox 129 1346 222 1408; x_wconf 81' lang='lat' dir='ltr'><strong>gravier</strong></span> <span class='ocrx_word' id='word_1_109' title='bbox 215 1346 578 1410; x_wconf 82' lang='lat' dir='ltr'><strong>.accepissepecuniamjudices,</strong></span> <span class='ocrx_word' id='word_1_110' title='bbox 588 1347 765 1396; x_wconf 85' lang='lat' dir='ltr'><strong>utinnccenteni</strong></span> 
     </span>
     <span class='ocr_line' id='line_1_19' title="bbox 97 1405 766 1486; baseline 0 -28"><span class='ocrx_word' id='word_1_111' title='bbox 97 1425 164 1458; x_wconf 86' lang='lat' dir='ltr'><strong>reum</strong></span> <span class='ocrx_word' id='word_1_112' title='bbox 172 1405 356 1466; x_wconf 75' lang='lat' dir='ltr'><strong>condemnarent,</strong></span> <span class='ocrx_word' id='word_1_113' title='bbox 368 1411 474 1458; x_wconf 89' lang='lat' dir='ltr'><strong>tribunus</strong></span> <span class='ocrx_word' id='word_1_114' title='bbox 483 1411 557 1473; x_wconf 88' lang='lat' dir='ltr'><strong>plebis</strong></span> <span class='ocrx_word' id='word_1_115' title='bbox 566 1412 712 1460; x_wconf 75' lang='lat' dir='ltr'><strong>clamitabat:</strong></span> <span class='ocrx_word' id='word_1_116' title='bbox 705 1411 766 1486; x_wconf 58' lang='lat'><strong>“⁸⁸3</strong></span> 
     </span>
     <span class='ocr_line' id='line_1_20' title="bbox 98 1472 766 1538; baseline 0.001 -17"><span class='ocrx_word' id='word_1_117' title='bbox 98 1474 203 1530; x_wconf 77' lang='lat' dir='ltr'><strong>fortunas</strong></span> <span class='ocrx_word' id='word_1_118' title='bbox 218 1472 323 1520; x_wconf 90' lang='lat' dir='ltr'><strong>omnium</strong></span> <span class='ocrx_word' id='word_1_119' title='bbox 339 1473 442 1521; x_wconf 87' lang='lat' dir='ltr'><strong>dicebat.</strong></span> <span class='ocrx_word' id='word_1_120' title='bbox 463 1475 529 1522; x_wconf 83' lang='lat' dir='ltr'><strong>nulla</strong></span> <span class='ocrx_word' id='word_1_121' title='bbox 542 1491 591 1522; x_wconf 89' lang='lat' dir='ltr'><strong>esse</strong></span> <span class='ocrx_word' id='word_1_122' title='bbox 604 1475 706 1536; x_wconf 75' lang='lat' dir='ltr'><strong>juditia·</strong></span> <span class='ocrx_word' id='word_1_123' title='bbox 723 1475 766 1538; x_wconf 90' lang='lat' dir='ltr'><strong>qui</strong></span> 
     </span>
     <span class='ocr_line' id='line_1_21' title="bbox 97 1537 766 1612; baseline 0 -28"><span class='ocrx_word' id='word_1_124' title='bbox 97 1537 247 1612; x_wconf 78' lang='lat' dir='ltr'><strong>pecuniosum</strong></span> <span class='ocrx_word' id='word_1_125' title='bbox 265 1537 385 1586; x_wconf 88' lang='lat' dir='ltr'><strong>inimicum</strong></span> <span class='ocrx_word' id='word_1_126' title='bbox 396 1538 499 1612; x_wconf 75' lang='lat' dir='ltr'><strong>haberet,</strong></span> <span class='ocrx_word' id='word_1_127' title='bbox 513 1539 652 1586; x_wconf 88' lang='lat' dir='ltr'><strong>incolumem</strong></span> <span class='ocrx_word' id='word_1_128' title='bbox 667 1552 766 1585; x_wconf 67' lang='lat' dir='ltr'><strong>essene</strong></span> 
     </span>
     <span class='ocr_line' id='line_1_22' title="bbox 97 1599 765 1664; baseline 0 -16"><span class='ocrx_word' id='word_1_129' title='bbox 97 1601 187 1648; x_wconf 89' lang='lat' dir='ltr'><strong>minem</strong></span> <span class='ocrx_word' id='word_1_130' title='bbox 205 1617 277 1664; x_wconf 84' lang='lat' dir='ltr'><strong>posse.</strong></span> <span class='ocrx_word' id='word_1_131' title='bbox 301 1601 415 1650; x_wconf 83' lang='lat' dir='ltr'><strong>Homines</strong></span> <span class='ocrx_word' id='word_1_132' title='bbox 432 1601 502 1649; x_wconf 85' lang='lat' dir='ltr'><strong>totius</strong></span> <span class='ocrx_word' id='word_1_133' title='bbox 519 1601 594 1664; x_wconf 81' lang='lat' dir='ltr'><strong>ignari</strong></span> <span class='ocrx_word' id='word_1_134' title='bbox 612 1601 706 1663; x_wconf 83' lang='lat' dir='ltr'><strong>negotii,</strong></span> <span class='ocrx_word' id='word_1_135' title='bbox 723 1599 765 1664; x_wconf 91' lang='lat' dir='ltr'><strong>qui</strong></span> 
     </span>
    </p>
   </div>
   <div class='ocr_carea' id='block_1_3' title="bbox 97 1664 847 1739">
    <p class='ocr_par' dir='ltr' id='par_1_3' title="bbox 97 1664 847 1739">
     <span class='ocr_line' id='line_1_23' title="bbox 97 1664 847 1739; baseline -0.003 -27"><span class='ocrx_word' id='word_1_136' title='bbox 97 1664 255 1739; x_wconf 73' lang='lat' dir='ltr'><strong>Oppianicum</strong></span> <span class='ocrx_word' id='word_1_137' title='bbox 266 1681 386 1729; x_wconf 88' lang='lat' dir='ltr'><strong>nunquam</strong></span> <span class='ocrx_word' id='word_1_138' title='bbox 397 1665 546 1723; x_wconf 87' lang='lat' dir='ltr'><strong>vidissent,</strong></span> <span class='ocrx_word' id='word_1_139' title='bbox 524 1681 601 1713; x_wconf 89' lang='lat' dir='ltr'><strong>virum</strong></span> <span class='ocrx_word' id='word_1_140' title='bbox 610 1665 734 1728; x_wconf 87' lang='lat' dir='ltr'><strong>optimum,</strong></span> <span class='ocrx_word' id='word_1_141' title='bbox 741 1672 765 1711; x_wconf 89' lang='lat' dir='ltr'><strong>et</strong></span> <span class='ocrx_word' id='word_1_142' title='bbox 843 1725 847 1730; x_wconf 24' lang='grc' dir='ltr'>ι</span> 
     </span>
    </p>
   </div>
   <div class='ocr_carea' id='block_1_4' title="bbox 71 1727 767 2416">
    <p class='ocr_par' dir='ltr' id='par_1_4' title="bbox 96 1727 766 1921">
     <span class='ocr_line' id='line_1_24' title="bbox 96 1727 766 1805; baseline -0.003 -29"><span class='ocrx_word' id='word_1_143' title='bbox 96 1728 215 1776; x_wconf 89' lang='lat' dir='ltr'><strong>hominem</strong></span> <span class='ocrx_word' id='word_1_144' title='bbox 229 1728 429 1805; x_wconf 78' lang='lat' dir='ltr'><strong>pudentissimum,</strong></span> <span class='ocrx_word' id='word_1_145' title='bbox 444 1728 543 1804; x_wconf 73' lang='lat' dir='ltr'><strong>pecunih</strong></span> <span class='ocrx_word' id='word_1_146' title='bbox 556 1743 690 1792; x_wconf 87' lang='lat' dir='ltr'><strong>oppressum</strong></span> <span class='ocrx_word' id='word_1_147' title='bbox 703 1727 766 1775; x_wconf 89' lang='lat' dir='ltr'><strong>arbi-</strong></span> 
     </span>
     <span class='ocr_line' id='line_1_25' title="bbox 96 1793 765 1856; baseline -0.003 -14"><span class='ocrx_word' id='word_1_148' title='bbox 96 1801 220 1851; x_wconf 81' lang='lat' dir='ltr'><strong>trarentur,</strong></span> <span class='ocrx_word' id='word_1_149' title='bbox 232 1794 317 1841; x_wconf 85' lang='lat' dir='ltr'><strong>incensi</strong></span> <span class='ocrx_word' id='word_1_150' title='bbox 327 1794 461 1856; x_wconf 82' lang='lat' dir='ltr'><strong>suspicione,</strong></span> <span class='ocrx_word' id='word_1_151' title='bbox 473 1809 523 1841; x_wconf 90' lang='lat' dir='ltr'><strong>rem</strong></span> <span class='ocrx_word' id='word_1_152' title='bbox 535 1794 561 1841; x_wconf 90' lang='lat' dir='ltr'><strong>in</strong></span> <span class='ocrx_word' id='word_1_153' title='bbox 571 1793 675 1841; x_wconf 92' lang='lat' dir='ltr'><strong>medium</strong></span> <span class='ocrx_word' id='word_1_154' title='bbox 686 1807 765 1840; x_wconf 84' lang='lat' dir='ltr'><strong>vocare</strong></span> 
     </span>
     <span class='ocr_line' id='line_1_26' title="bbox 96 1857 652 1921; baseline 0.004 -17"><span class='ocrx_word' id='word_1_155' title='bbox 96 1865 222 1920; x_wconf 75' lang='lat' dir='ltr'><strong>ceperunt,</strong></span> <span class='ocrx_word' id='word_1_156' title='bbox 234 1866 257 1904; x_wconf 85' lang='lat' dir='ltr'><strong>et</strong></span> <span class='ocrx_word' id='word_1_157' title='bbox 266 1873 358 1906; x_wconf 83' lang='lat' dir='ltr'><strong>causam</strong></span> <span class='ocrx_word' id='word_1_158' title='bbox 368 1857 433 1905; x_wconf 89' lang='lat' dir='ltr'><strong>illam</strong></span> <span class='ocrx_word' id='word_1_159' title='bbox 444 1866 517 1906; x_wconf 84' lang='lat' dir='ltr'><strong>totam</strong></span> <span class='ocrx_word' id='word_1_160' title='bbox 526 1857 652 1921; x_wconf 79' lang='lat' dir='ltr'><strong>deposcere</strong></span> 
     </span>
    </p>

    <p class='ocr_par' dir='ltr' id='par_1_5' title="bbox 71 1918 767 2369">
     <span class='ocr_line' id='line_1_27' title="bbox 125 1918 765 1996; baseline 0.003 -28.016"><span class='ocrx_word' id='word_1_161' title='bbox 125 1922 212 1984; x_wconf 79' lang='lat' dir='ltr'><strong>&#39;Atque</strong></span> <span class='ocrx_word' id='word_1_162' title='bbox 227 1920 291 1969; x_wconf 92' lang='lat' dir='ltr'><strong>illo</strong></span> <span class='ocrx_word' id='word_1_163' title='bbox 284 1937 335 1996; x_wconf 89' lang='lat' dir='ltr'><strong>ipsc</strong></span> <span class='ocrx_word' id='word_1_164' title='bbox 351 1929 453 1984; x_wconf 83' lang='lat' dir='ltr'><strong>tempore</strong></span> <span class='ocrx_word' id='word_1_165' title='bbox 467 1921 492 1968; x_wconf 89' lang='lat' dir='ltr'><strong>iii</strong></span> <span class='ocrx_word' id='word_1_166' title='bbox 505 1922 564 1970; x_wconf 78' lang='lat' dir='ltr'><strong>ades</strong></span> <span class='ocrx_word' id='word_1_167' title='bbox 578 1922 609 1968; x_wconf 86' lang='grc' dir='ltr'><strong>Τ.</strong></span> <span class='ocrx_word' id='word_1_168' title='bbox 622 1918 706 1996; x_wconf 77' lang='lat' dir='ltr'><strong>Annii,</strong></span> <span class='ocrx_word' id='word_1_169' title='bbox 722 1920 765 1970; x_wconf 88' lang='lat' dir='ltr'><strong>ho-</strong></span> 
     </span>
     <span class='ocr_line' id='line_1_28' title="bbox 99 1983 764 2062; baseline -0.003 -28"><span class='ocrx_word' id='word_1_170' title='bbox 99 1985 169 2034; x_wconf 82' lang='lat' dir='ltr'><strong>minis</strong></span> <span class='ocrx_word' id='word_1_171' title='bbox 184 1985 344 2062; x_wconf 71' lang='lat' dir='ltr'><strong>honestissimi,</strong></span> <span class='ocrx_word' id='word_1_172' title='bbox 362 1985 481 2034; x_wconf 85' lang='lat' dir='ltr'><strong>necessarii</strong></span> <span class='ocrx_word' id='word_1_173' title='bbox 497 1993 521 2034; x_wconf 81' lang='lat' dir='ltr'><strong>et</strong></span> <span class='ocrx_word' id='word_1_174' title='bbox 537 1985 605 2034; x_wconf 87' lang='lat' dir='ltr'><strong>amici</strong></span> <span class='ocrx_word' id='word_1_175' title='bbox 619 1983 675 2045; x_wconf 87' lang='lat' dir='ltr'><strong>mei,</strong></span> <span class='ocrx_word' id='word_1_176' title='bbox 693 1993 764 2032; x_wconf 87' lang='lat' dir='ltr'><strong>noctu</strong></span> 
     </span>
     <span class='ocr_line' id='line_1_29' title="bbox 97 2049 766 2113; baseline -0.001 -15"><span class='ocrx_word' id='word_1_177' title='bbox 97 2049 214 2109; x_wconf 82' lang='lat' dir='ltr'><strong>Staienus,</strong></span> <span class='ocrx_word' id='word_1_178' title='bbox 221 2050 339 2098; x_wconf 86' lang='lat' dir='ltr'><strong>arcessitus</strong></span> <span class='ocrx_word' id='word_1_179' title='bbox 349 2053 378 2098; x_wconf 93' lang='lat' dir='ltr'><strong>ab</strong></span> <span class='ocrx_word' id='word_1_180' title='bbox 387 2049 525 2113; x_wconf 85' lang='lat' dir='ltr'><strong>Oppianico,</strong></span> <span class='ocrx_word' id='word_1_181' title='bbox 532 2049 601 2097; x_wconf 79' lang='lat' dir='ltr'><strong>venit.</strong></span> <span class='ocrx_word' id='word_1_182' title='bbox 617 2049 675 2098; x_wconf 83' lang='lat' dir='ltr'><strong>Jam</strong></span> <span class='ocrx_word' id='word_1_183' title='bbox 685 2058 766 2097; x_wconf 70' lang='lat' dir='ltr'><strong>cetea</strong></span> 
     </span>
     <span class='ocr_line' id='line_1_30' title="bbox 97 2112 767 2176; baseline 0.003 -16"><span class='ocrx_word' id='word_1_184' title='bbox 97 2121 215 2161; x_wconf 78' lang='lat' dir='ltr'><strong>notarunt</strong></span> <span class='ocrx_word' id='word_1_185' title='bbox 223 2113 344 2162; x_wconf 88' lang='lat' dir='ltr'><strong>omnibus</strong></span> <span class='ocrx_word' id='word_1_186' title='bbox 362 2122 389 2162; x_wconf 83' lang='lat' dir='ltr'><strong>ut</strong></span> <span class='ocrx_word' id='word_1_187' title='bbox 399 2129 452 2162; x_wconf 91' lang='lat' dir='ltr'><strong>cuin</strong></span> <span class='ocrx_word' id='word_1_188' title='bbox 460 2113 608 2176; x_wconf 80' lang='grc' dir='ltr'>ἰ]1005ι’“</span> <span class='ocrx_word' id='word_1_189' title='bbox 660 2112 767 2176; x_wconf 78' lang='lat' dir='ltr'><strong>egeritde</strong></span> 
     </span>
     <span class='ocr_line' id='line_1_31' title="bbox 71 2177 766 2245; baseline 0.003 -21"><span class='ocrx_word' id='word_1_190' title='bbox 71 2181 73 2184; x_wconf 85' lang='lat'>&#39;</span> <span class='ocrx_word' id='word_1_191' title='bbox 97 2177 211 2245; x_wconf 71' lang='lat' dir='ltr'><strong>pecuniis,</strong></span> <span class='ocrx_word' id='word_1_192' title='bbox 228 2177 536 2230; x_wconf 86' lang='lat' dir='ltr'><strong>utilleseredditurumesse</strong></span> <span class='ocrx_word' id='word_1_193' title='bbox 559 2177 641 2233; x_wconf 84' lang='lat' dir='ltr'><strong>ixerit;</strong></span> <span class='ocrx_word' id='word_1_194' title='bbox 652 2185 766 2226; x_wconf 81' lang='lat' dir='ltr'><strong>uteorum</strong></span> 
     </span>
     <span class='ocr_line' id='line_1_32' title="bbox 97 2241 767 2305; baseline 0 -17"><span class='ocrx_word' id='word_1_195' title='bbox 97 2256 226 2296; x_wconf 75' lang='lat' dir='ltr'><strong>sermonem</strong></span> <span class='ocrx_word' id='word_1_196' title='bbox 234 2256 327 2290; x_wconf 90' lang='lat' dir='ltr'><strong>omnem</strong></span> <span class='ocrx_word' id='word_1_197' title='bbox 341 2241 486 2290; x_wconf 79' lang='lat' dir='ltr'><strong>audierint</strong></span> <span class='ocrx_word' id='word_1_198' title='bbox 464 2241 508 2290; x_wconf 87' lang='lat' dir='ltr'><strong>viri</strong></span> <span class='ocrx_word' id='word_1_199' title='bbox 520 2241 583 2301; x_wconf 93' lang='lat' dir='ltr'><strong>boni,</strong></span> <span class='ocrx_word' id='word_1_200' title='bbox 595 2241 636 2305; x_wconf 90' lang='lat' dir='ltr'><strong>qui</strong></span> <span class='ocrx_word' id='word_1_201' title='bbox 650 2250 702 2288; x_wconf 91' lang='lat' dir='ltr'><strong>tum</strong></span> <span class='ocrx_word' id='word_1_202' title='bbox 712 2255 767 2288; x_wconf 91' lang='lat' dir='ltr'><strong>con-</strong></span> 
     </span>
     <span class='ocr_line' id='line_1_33' title="bbox 98 2303 766 2416; baseline -0.001 -64"><span class='ocrx_word' id='word_1_203' title='bbox 98 2306 175 2353; x_wconf 89' lang='lat' dir='ltr'><strong>sulto</strong></span> <span class='ocrx_word' id='word_1_204' title='bbox 175 2321 246 2416; x_wconf 82' lang='lat' dir='ltr'><strong>prope</strong></span> <span class='ocrx_word' id='word_1_205' title='bbox 259 2306 284 2352; x_wconf 92' lang='lat' dir='ltr'><strong>in</strong></span> <span class='ocrx_word' id='word_1_206' title='bbox 298 2307 387 2354; x_wconf 83' lang='lat' dir='ltr'><strong>occulto</strong></span> <span class='ocrx_word' id='word_1_207' title='bbox 404 2305 532 2363; x_wconf 78' lang='lat' dir='ltr'><strong>stetissent3</strong></span> <span class='ocrx_word' id='word_1_208' title='bbox 549 2313 626 2352; x_wconf 90' lang='lat' dir='ltr'><strong>utres</strong></span> <span class='ocrx_word' id='word_1_209' title='bbox 645 2303 766 2367; x_wconf 67' lang='lat' dir='ltr'><strong>patefiat,</strong></span> 
     </span>
    </p>
   </div>
   <div class='ocr_carea' id='block_1_5' title="bbox 94 2367 767 2692">
    <p class='ocr_par' dir='ltr' id='par_1_6' title="bbox 97 2367 766 2498">
     <span class='ocr_line' id='line_1_34' title="bbox 97 2367 766 2446; baseline -0.007 -27"><span class='ocrx_word' id='word_1_210' title='bbox 97 2369 232 2432; x_wconf 79' lang='lat' dir='ltr'><strong>atqueini&#39;</strong></span> <span class='ocrx_word' id='word_1_211' title='bbox 229 2371 405 2446; x_wconf 76' lang='lat' dir='ltr'><strong>crumprclata,</strong></span> <span class='ocrx_word' id='word_1_212' title='bbox 420 2367 766 2434; x_wconf 84' lang='lat' dir='ltr'><strong>etpecuniaomniaaStaleno</strong></span> 
     </span>
     <span class='ocr_line' id='line_1_35' title="bbox 98 2434 401 2498; baseline 0 -16"><span class='ocrx_word' id='word_1_213' title='bbox 98 2442 189 2482; x_wconf 79' lang='lat' dir='ltr'><strong>extorta</strong></span> <span class='ocrx_word' id='word_1_214' title='bbox 199 2442 268 2497; x_wconf 84' lang='lat' dir='ltr'><strong>atque</strong></span> <span class='ocrx_word' id='word_1_215' title='bbox 279 2443 355 2498; x_wconf 83' lang='lat' dir='ltr'><strong>erepta</strong></span> <span class='ocrx_word' id='word_1_216' title='bbox 365 2434 401 2482; x_wconf 79' lang='lat' dir='ltr'><strong>sit.</strong></span> 
     </span>
    </p>

    <p class='ocr_par' dir='ltr' id='par_1_7' title="bbox 94 2495 767 2692">
     <span class='ocr_line' id='line_1_36' title="bbox 98 2495 766 2572; baseline -0.009 -25.708"><span class='ocrx_word' id='word_1_217' title='bbox 98 2497 227 2548; x_wconf 85' lang='lat' dir='ltr'>XXIX.</span> <span class='ocrx_word' id='word_1_218' title='bbox 244 2498 324 2559; x_wconf 84' lang='lat' dir='ltr'><strong>Hujus</strong></span> <span class='ocrx_word' id='word_1_219' title='bbox 335 2497 422 2548; x_wconf 79' lang='lat' dir='ltr'><strong>Staieni</strong></span> <span class='ocrx_word' id='word_1_220' title='bbox 435 2513 540 2562; x_wconf 88' lang='lat' dir='ltr'><strong>persona,</strong></span> <span class='ocrx_word' id='word_1_221' title='bbox 537 2495 660 2572; x_wconf 81' lang='lat' dir='ltr'><strong>populo</strong></span> <span class='ocrx_word' id='word_1_222' title='bbox 650 2509 700 2556; x_wconf 86' lang='lat' dir='ltr'><strong>Jam</strong></span> <span class='ocrx_word' id='word_1_223' title='bbox 711 2501 766 2550; x_wconf 66' lang='lat' dir='ltr'><strong>nota</strong></span> 
     </span>
     <span class='ocr_line' id='line_1_37' title="bbox 94 2558 766 2638; baseline -0.008 -29"><span class='ocrx_word' id='word_1_224' title='bbox 94 2570 296 2626; x_wconf 73' lang='lat' dir='ltr'><strong>atqueperspecta,</strong></span> <span class='ocrx_word' id='word_1_225' title='bbox 303 2565 333 2612; x_wconf 84' lang='lat' dir='ltr'><strong>ab</strong></span> <span class='ocrx_word' id='word_1_226' title='bbox 340 2563 406 2610; x_wconf 76' lang='lat' dir='ltr'><strong>nulli</strong></span> <span class='ocrx_word' id='word_1_227' title='bbox 412 2563 475 2638; x_wconf 87' lang='lat' dir='ltr'><strong>turpi</strong></span> <span class='ocrx_word' id='word_1_228' title='bbox 481 2561 608 2624; x_wconf 85' lang='lat' dir='ltr'><strong>suspicione</strong></span> <span class='ocrx_word' id='word_1_229' title='bbox 615 2558 766 2612; x_wconf 79' lang='lat' dir='ltr'><strong>abhorrebat,</strong></span> 
     </span>
     <span class='ocr_line' id='line_1_38' title="bbox 96 2626 767 2692; baseline -0.007 -14"><span class='ocrx_word' id='word_1_230' title='bbox 96 2641 241 2692; x_wconf 76' lang='lat' dir='ltr'><strong>suppressam</strong></span> <span class='ocrx_word' id='word_1_231' title='bbox 252 2641 300 2684; x_wconf 79' lang='lat' dir='ltr'><strong>ecee</strong></span> <span class='ocrx_word' id='word_1_232' title='bbox 309 2628 339 2678; x_wconf 86' lang='lat' dir='ltr'><strong>ab</strong></span> <span class='ocrx_word' id='word_1_233' title='bbox 350 2641 377 2678; x_wconf 86' lang='lat' dir='ltr'><strong>eo</strong></span> <span class='ocrx_word' id='word_1_234' title='bbox 387 2626 519 2692; x_wconf 61' lang='lat' dir='ltr'><strong>perimam,</strong></span> <span class='ocrx_word' id='word_1_235' title='bbox 530 2638 603 2689; x_wconf 82' lang='lat' dir='ltr'><strong>quam</strong></span> <span class='ocrx_word' id='word_1_236' title='bbox 613 2637 655 2687; x_wconf 88' lang='lat' dir='ltr'><strong>pro</strong></span> <span class='ocrx_word' id='word_1_237' title='bbox 663 2635 701 2680; x_wconf 77' lang='lat' dir='ltr'><strong>reo</strong></span> <span class='ocrx_word' id='word_1_238' title='bbox 712 2633 767 2685; x_wconf 79' lang='lat' dir='ltr'><strong>pio·</strong></span> 
     </span>
    </p>
   </div>
   <div class='ocr_carea' id='block_1_6' title="bbox 0 0 936 2909">
    <p class='ocr_par' dir='ltr' id='par_1_8' title="bbox 0 0 936 2909">
     <span class='ocr_line' id='line_1_39' title="bbox 0 0 936 2909; baseline 0 0"><span class='ocrx_word' id='word_1_239' title='bbox 0 0 936 2909; x_wconf 95' lang='lat' dir='ltr'><strong> </strong></span> 
     </span>
    </p>
   </div>
  </div>
 </body>
</html>
