1850 2909
144 54 191 102 156
225 55 296 106 nno
312 53 406 106 nunu
423 45 591 104 Meuium.
606 51 673 102 cn.
689 55 730 101 aa

140 181 220 241 dibile,
232 199 304 248 quam
314 185 436 233 utiterum
452 198 522 247 eques
539 184 660 232 Romanae
669 198 700 230 ex
709 183 813 230 renatur-

140 248 245 296 eonsultn
261 250 432 314 triumpharet?
449 249 511 307 Quae
521 249 546 295 iu
557 248 666 296 omnibus
678 246 813 294 hominibus

140 324 200 359 nova
216 321 268 376 post
283 313 406 361 hominum
422 313 559 361 memoriam
575 312 699 360 constituta
708 319 773 370 aunt,
784 326 812 358 ea

138 382 188 422 tam
205 379 280 425 multa
295 393 342 426 non
358 386 421 436 sunt,
439 392 510 440 quam
525 377 648 440 haecrquae
662 377 689 422 in
703 375 748 422 hoe
763 389 813 422 uuo

139 439 233 490 homine
246 443 353 492 vidimus.
370 441 451 506 Atque
461 442 511 489 hare
522 450 556 489 tot
569 441 684 503 exempla,
699 448 772 498 tanta,
783 455 811 486 aa

139 512 188 552 tem
199 521 267 565 nova,
279 508 380 570 profecta
390 516 444 554 sunt
454 506 480 552 in
491 505 599 553 eumdem
613 505 733 552 hominem
747 520 765 551 a
776 503 810 562 Q.

140 567 227 628 Catuli,
239 579 470 634 atqueacaetemrum
479 569 581 631 ejusden
587 569 707 632 dignitatis
713 569 810 633 amplia·

138 633 250 682 simorum
261 635 393 694 hominum,
405 635 546 683 auctoritate.

170 697 258 747 XXII.
275 701 355 759 Quare
366 700 467 757 videant,
482 714 512 746 ne
524 699 554 745 rit
568 697 716 761 periniquum
728 706 751 744 at
761 711 809 744 non

136 760 266 823 ferendum,
288 765 382 812 illorum
404 763 562 812 auctoritatem
583 762 613 808 de
633 761 678 809 Cn.
700 762 809 824 Pompeii

136 825 248 888 dignitate
258 829 322 877 vobis
333 831 505 892 comprobatam
520 841 610 890 semper
624 841 688 881 mel
705 834 808 873 'mm

137 891 167 937 ab
178 891 224 938 iilis
234 892 263 939 de
275 893 355 940 eodem
368 893 463 940 homine
477 891 601 953 judicium,
615 890 743 953 populique
757 891 809 938 Ro·

137 956 202 1002 mani
213 958 380 1014 auctoritatem,
393 956 534 1020 impmbariz
551 955 677 1019 presertim
692 955 808 1014 cumiani

136 1034 178 1066 ruo
187 1020 239 1080 jure
250 1023 350 1085 populus
358 1022 480 1069 Romanus
490 1021 515 1067 in
524 1020 568 1066 hoc
575 1019 669 1066 homine
677 1033 744 1066 suam
752 1034 808 1066 auc·

133 1083 258 1144 toritatem,
275 1087 311 1132 vel
328 1095 406 1134 contra
422 1084 558 1147 omnesqui
572 1082 718 1141 dissentiunt,
736 1082 808 1146 puerit

135 1145 273 1206 defendere3
291 1159 410 1213 propterea
421 1149 493 1213 quod,
504 1149 554 1196 istie
564 1147 750 1205 reclamantibus,
766 1163 808 1195 vua

136 1225 211 1258 unum
223 1213 291 1260 illum
300 1230 331 1261 err
340 1214 449 1262 omnibus
460 1213 583 1275 delegistis,
594 1227 665 1275 quern
675 1212 738 1259 bello
747 1227 808 1274 prte-

135 1273 222 1325 donum
240 1279 408 1341 praeponeretia
426 1278 481 1326 Hoc
496 1278 567 1324 sivos
580 1285 666 1324 temere
679 1275 772 1336 fecistis,
783 1283 808 1324 et

133 1339 167 1386 rei
177 1341 276 1403 publicae
286 1357 369 1404 parum
378 1341 538 1397 consuluistis3
554 1349 615 1387 recte
624 1340 662 1387 isti
672 1340 749 1388 studia
756 1356 807 1388 rer-

133 1409 170 1451 tra
180 1405 228 1452 suis
239 1407 338 1454 consiliis
349 1422 425 1470 regere
433 1413 552 1453 conantur
569 1406 610 1452 Sin
617 1413 694 1452 autern
703 1420 744 1452 vor
751 1406 807 1468 plur

133 1475 185 1516 tum
196 1470 220 1516 in
232 1487 256 1518 re
272 1471 366 1535 publici
377 1470 479 1527 vidistin
498 1485 547 1528 vor,
561 1469 599 1516 hir
612 1470 805 1531 repugnantibus,

133 1547 174 1594 per
186 1543 276 1583 vosmet
289 1535 350 1599 ipsos
366 1535 503 1598 dignitatem
519 1533 574 1581 huie
589 1532 694 1596 imperio,
706 1535 806 1582 salutem

131 1598 182 1645 orbi
193 1607 314 1659 terrarum,
323 1600 446 1654 attulistist
464 1598 589 1662 aliquando
599 1597 638 1644 inti
647 1597 771 1662 principer,
782 1607 806 1646 et

132 1661 175 1708 sibi
184 1672 207 1710 et
214 1665 308 1723 tuteris,
318 1665 399 1729 pqpuli
407 1663 510 1711 Romani
516 1661 617 1710 universi
624 1661 755 1710 auctoritati
762 1678 805 1726 pa·

131 1726 232 1774 rendum
245 1743 293 1775 esse
303 1728 429 1776 fateantur.

165 1790 253 1854 Atque,
265 1792 289 1838 in
301 1791 344 1840 hoc
355 1791 416 1840 bello
433 1791 533 1840 Asiatieo
548 1799 572 1839 et
584 1791 655 1856 regio,
668 1805 715 1838 non
726 1790 804 1839 aulum

130 1853 236 1902 militaris
246 1855 287 1902 illa
298 1857 379 1916 virtus,
397 1872 449 1920 quoe
460 1864 495 1903 eat
507 1857 532 1903 in
543 1856 587 1904 Cn.
599 1855 712 1918 Pompeio
723 1855 803 1918 ringu-

129 1915 192 1976 laris,
204 1919 244 1969 sed
255 1919 306 1966 alite
316 1936 409 1984 quoque
422 1921 517 1968 virmter
528 1919 601 1968 anirni
610 1921 692 1967 multu
702 1928 726 1966 et
734 1934 804 1984 mag·

129 1995 166 2029 nae
176 1983 332 2046 requiruntur.
349 1985 451 2033 Difficile
462 1993 496 2032 art
506 1985 531 2032 in
544 1983 610 2044 nsit,
621 1984 711 2043 eflicit,
723 1983 801 2047 Syria,

129 2047 251 2110 regnisque
262 2048 396 2097 interiorum
411 2050 541 2110 nationum,
556 2049 590 2098 ita
599 2047 684 2097 versari
698 2057 802 2097 vestrum

127 2107 305 2240 illiniti
317 2115 417 2226 llll}
429 2114 511 2226 “iiii
519 2129 591 2242 llll
602 2112 761 2240 illini
772 2113 803 2226 ‘l

414 2213 422 2237 i

128 2242 280 2303 temperandi
288 2243 461 2299 moderatiorem
474 2242 723 2299 tameneoserreteler,
731 2256 802 2305 prop-

127 2310 162 2350 ter
173 2305 347 2354 multitudinem
358 2322 386 2354 cu
404 2307 494 2354 idorum
506 2307 638 2366 homiuum,
654 2320 724 2354 nemo
739 2305 803 2353 arbi·

128 2373 208 2417 tratur.
225 2368 327 2417 Difficile
338 2379 371 2418 est
405 2371 459 2427 'ctu,
476 2370 588 2429 Quirites,
604 2378 692 2434 quanto
705 2369 731 2416 in
747 2369 802 2417 odio

128 2429 201 2479 simus
212 2433 275 2542 apud
285 2443 374 2481 exteras
385 2434 497 2508 natipnm,
507 2443 602 2508 propter
608 2449 697 2492 eorum,
704 2434 802 2497 quoead

127 2507 165 2540 eoa
192 2512 216 2543 er
244 2512 268 2544 os
279 2511 351 2544 annor
362 2513 416 2545 cum
431 2513 529 2560 rmpeno
537 2498 653 2556 misimur,
664 2498 762 2558 injurias
773 2514 802 2547 ac

126 2554 169 2604 libi
186 2559 191 2569 '
210 2575 241 2608 aa.
258 2560 802 2630 Qupdeuimiauumputatirinilliuterrianor·
