1850 2909
106 61 108 68 1
150 41 195 88 140
239 35 307 86 PRO
324 35 415 84 LEGE
432 32 598 82 MANILIA.
615 31 680 78 Car.
692 33 716 78 8.

154 166 204 225 erit,
212 173 303 228 propter
313 164 475 220 calamitatem,
486 176 561 224 neque
568 160 618 208 aliis
626 161 740 220 voluntas,
752 175 826 223 prop·¹

155 231 312 278 testimorem.

188 293 286 350 Deinde,
303 292 365 355 quod
382 307 424 338 nos
441 290 521 338 aedem
537 289 597 336 Asia
613 297 683 350 atque
698 287 762 336 idem
779 289 825 336 iste
886 290 891 313 ⁶

156 357 310 415 Mithridates,
324 354 450 403 initiobcili
461 353 566 411 Asiatici,
578 353 671 407 docuit3
688 351 713 398 id
727 351 825 414 quidem

128 433 130 437 '
156 431 224 480 certe,
241 420 367 468 calamitate
381 419 449 476 docti,
466 416 577 465 memorii
592 417 688 465 retinere
701 416 823 463 debemus.

158 487 223 534 Nam
233 494 293 542 tum,
304 480 824 544 ciiminAsiiresmagnaspermultiamise·

158 558 218 608 rant,
230 549 322 606 sumus,
334 548 424 605 Romae,
436 546 548 594 solutione
557 542 676 607 impediti,
687 543 758 591 fidem
768 558 826 591 con·

158 614 244 664 cidisse.
261 612 286 658 N
287 626 317 658 on
327 613 389 658 enim
399 619 495 673 possunt
504 610 552 657 uni
561 609 586 655 in
596 608 687 656 civitate
693 608 764 655 multi
774 622 825 655 rein

159 687 228 740 atque
235 677 337 724 fortunas
347 676 458 733 maere,
469 683 550 722 utnon
558 672 634 735 plures
642 686 719 726 secum
727 672 753 718 in
761 687 826 719 eam-

159 743 214 790 dem
224 738 376 803 calamitatem
386 739 484 786 trahant
501 739 526 784 A
537 752 584 800 quo
594 736 695 798 periculo
704 736 827 797 prohibete

159 806 367 928 tbptiiffltsi
374 802 549 927 Sitit
549 799 671 922 1111
679 799 724 910 11
732 799 827 910 ss>

161 948 214 996 quse
223 932 248 978 in
258 901 307 979 sciro
317 937 426 988 versatur,
437 929 549 990 implicita
558 936 592 974 cst
602 939 656 974 cum
666 879 713 977 iilis
722 879 828 989 pecuni’a

160 996 276 1054 Asiaticis,
287 1005 310 1042 et
320 994 423 1042 cohaeiet.
440 993 518 1039 Ruere
527 992 568 1039 illa
577 1005 623 1038 non
633 998 737 1053 possunt,
744 992 829 1039 uthina

160 1075 207 1108 non
224 1061 304 1108 eodem
320 1057 453 1110 labefactata
467 1064 532 1103 motu
548 1055 675 1103 concidant
698 1055 779 1113 Quare
792 1055 829 1103 vi-

162 1126 222 1183 dete,
237 1139 295 1170 num
309 1121 462 1169 dubitandum
473 1120 538 1168 vobis
548 1121 586 1179 sit,
597 1120 661 1166 omni
671 1119 746 1167 sardio
759 1119 790 1166 ad
801 1119 828 1169 id

161 1188 250 1236 bellum
260 1187 399 1245 incumbere,
414 1184 439 1231 in
454 1200 501 1247 quo
511 1185 585 1247 gloria
595 1184 695 1230 nominis
705 1183 782 1243 vestri,
789 1199 828 1230 sa·

161 1254 199 1298 lus
209 1252 329 1310 sonorum,
344 1247 462 1311 vectigalia
476 1248 587 1307 maxima,
602 1248 701 1296 fortimae
713 1247 827 1311 plurimo·

161 1329 215 1364 rum
226 1314 318 1373 civium,
330 1327 384 1360 cum
394 1311 510 1374 republici
520 1311 677 1360 defendantur.

193 1379 268 1427 VIII.
285 1377 402 1435 Quoniam
421 1376 450 1424 de
468 1391 550 1438 genere
568 1376 623 1424 belli
640 1376 698 1436 dixi,
717 1390 780 1424 nunc
796 1376 829 1424 de

161 1443 319 1506 magnitudine
335 1456 408 1504 pauca
424 1440 507 1488 dimus.
532 1441 611 1487 Potest
625 1440 688 1487 enim
703 1440 826 1488 hoc‘dIcie

160 1507 216 1557 belli
232 1521 304 1582 genus
318 1521 365 1553 esse
380 1506 413 1553 ita
429 1505 588 1578 necessarium,
605 1513 633 1578 ut
646 1504 676 1550 sit
689 1504 826 1566 gerendum,

160 1568 767 1693 aestumatissimus
774 1567 828 1694 ,11¹2

160 1702 182 1812 d'
194 1701 199 1712 ’
245 1699 331 1747 tissime
340 1696 480 1760 providenda
489 1706 552 1757 sunt,
563 1695 728 1744 conteinnenda
738 1711 786 1744 esse
793 1696 828 1746 vi·.

177 1775 264 1812 eantur.

192 1831 282 1888 Atque,
299 1834 326 1873 ut
336 1839 414 1874 orrares
424 1825 563 1888 intelligant,
578 1839 616 1872 me
624 1824 653 1871 Ie
665 1823 765 1871 Lucullo
776 1832 829 1872 tan.

161 1902 213 1940 tum
228 1889 339 1952 impertiri
348 1889 431 1949 laudis,
448 1898 562 1952 quantum
571 1889 626 1936 forti
635 1889 693 1947 viro,
705 1897 728 1935 et
738 1888 829 1951 sapieti-¹

159 1956 247 2004 tissime
256 1952 354 2014 homini,
363 1960 386 2000 et
393 1968 478 2016 magno
485 1953 625 2016 imperatori,
632 1951 756 2008 debeatur;
767 1952 827 2012 dico,

161 2022 211 2081 ejus
225 2017 332 2078 adventu,
347 2018 461 2066 maximas
476 2016 619 2070 Mithridatis
633 2017 708 2080 copias
720 2016 829 2064 omnibus

162 2085 229 2132 rebus
250 2089 340 2130 omatas
361 2089 431 2144 atque
451 2082 571 2130 instructas
591 2079 676 2137 fuisse3
700 2081 829 2144 urbemque

160 2147 225 2196 Asia
235 2146 392 2207 clarissimam,
403 2147 514 2208 nobisque
521 2144 691 2202 amicissimam
703 2144 829 2206 Cyziceno-

161 2225 223 2272 rum,
241 2211 354 2258 obscssam
369 2226 416 2260 esse
430 2213 459 2258 ab
474 2209 524 2272 ipso
537 2224 590 2271 rege
603 2208 707 2271 maximi
720 2209 828 2256 multitu·

160 2276 223 2335 dine,
235 2283 257 2322 et
268 2282 424 2338 oppugnatam
432 2273 644 2330 vehementissimei
655 2288 727 2336 quam
738 2272 768 2320 Is.
778 2273 829 2320 Iru-

160 2341 235 2389 cullus
246 2339 337 2396 virtute,
347 2337 495 2403 assiduitate,
504 2337 605 2396 consilio,
621 2337 718 2384 summis
729 2337 829 2386 obsidio·

159 2405 196 2452 nis
205 2401 310 2466 periculis
320 2401 438 2448 liberavit:
456 2401 577 2448 abeodem
587 2401 723 2464 imperatore
732 2401 827 2459 classem

215 2480 269 2513 nam
286 2473 310 2512 et
325 2473 438 2524 ornatam,
458 2480 519 2527 quoe,
530 2464 627 2519 ducibus
643 2464 786 2523 Sertorianis,
798 2465 828 2512 ad

159 2482 258 2580 intiuiam
265 2527 340 2576 studio
350 2528 493 2578 inflammato
503 2537 627 2592 mperetur,
639 2536 770 2591 superatam
781 2545 828 2584 esse
