1850 2909
166 168 169 171 x
192 163 195 170 ,
212 108 254 164 IN
268 68 471 166 carmani
488 117 525 167 Π.
542 117 606 169 Gar.
619 119 659 166 ll.
723 117 773 169 ita

102 240 269 304 mamm,
277 251 300 292 et
308 261 517 310 spargereveuena,
524 246 668 294 didioeruntr
681 245 723 310 qui
733 245 778 294 niai

98 315 201 367 ἀειιιιι,
215 307 260 355 niai
275 318 379 372 pereunt,
401 311 491 358 etiamsi
506 311 607 360 Catilina
619 311 718 374 perierit,
735 311 778 357 scl-

101 379 154 419 aute
164 371 210 419 hoo
219 372 244 420 iu
252 374 370 437 republica
379 376 528 423 seminarium
541 374 726 438 [Catilinurium]
739 373 778 421 fu-

103 443 194 483 turum.
212 435 379 486 Verumtamen
395 438 452 504 quid
467 439 510 488 ribi
526 440 564 487 isti
579 438 656 486 miseri
673 438 776 486 volunt?

93 513 168 548 *num
178 515 231 548 arras
241 517 318 549 aerum
328 503 476 551 mulierculas
486 512 540 552 eunt
550 504 574 550 in
583 511 655 551 casua
666 501 777 550 ducturi?

105 564 306 627 qunadmodum
316 575 395 614 autem
405 567 451 615 illia
459 583 534 616 carere
543 575 659 632 potemnt,
671 567 707 614 hia
718 581 778 630 pre·

94 627 188 676 aertim
202 629 252 689 jam
268 631 394 679 nonnoni?
411 647 458 696 quo
473 640 551 680 autem
565 640 635 697 paeto
644 631 679 678 illi
693 631 777 694 Apen-

104 691 201 804 ἓξὲξ,
212 695 342 806 ἭΙΜ
356 696 450 759 pntinaa
460 711 487 744 ao
500 697 571 755 nivea,
582 696 716 760 perferent?
733 695 778 741 niai

207 773 231 805 ae

302 775 330 807 ua
345 760 445 808 hiemem
459 761 593 808 toleraturos
606 767 698 823 putant,
715 758 778 822 quod
854 793 859 819 ,

108 820 169 868 nudi
178 821 203 868 in
215 823 324 871 eonviviia
332 825 413 872 salure
423 825 558 873 didicerunt.
577 825 600 873 0
611 825 699 872 bellum
711 837 779 886 mag·

109 897 197 948 nupero
204 888 418 950 pertimeaoendum‚
427 905 482 936 eum
492 889 552 936 hano
563 889 593 936 sit
602 888 723 936 habiturus
734 887 779 934 Ca-

97 967 100 972 ·
110 949 179 996 tilina
189 959 313 1000 scortorum
324 953 439 1001 eohortem
449 954 579 1017 pretoriam
591 953 597 1000 l

143 1013 191 1062 XI.
201 1015 311 1065 instruite
320 1031 391 1075 nune,
399 1017 510 1076 Quirites,
522 1017 652 1065 contrahas
663 1023 711 1063 tam
718 1029 778 1078 pre-

110 1077 184 1125 clarae
202 1079 308 1128 Catilinae
326 1082 411 1145 eopiaa,
433 1090 508 1129 vaatra
523 1081 629 1144 praeaidia
648 1089 779 1142 vestrosque

109 1143 237 1191 exercitus:
255 1153 278 1191 et
287 1146 390 1208 primum
402 1146 524 1209 gladiatori
533 1145 568 1192 iili
579 1145 680 1192 ooniecto
692 1151 714 1190 et
725 1158 778 1190 aau-

108 1205 145 1252 cio
162 1209 266 1256 oonsiilm
282 1209 474 1274 imperatoresque
492 1217 577 1258 vestros
596 1208 718 1274 opponite:
739 1206 779 1254 (le-

107 1268 172 1330 inde,
183 1281 262 1320 eontra
271 1272 336 1320 illam
347 1273 512 1336 naufragemur
523 1275 619 1334 eJeotam
630 1288 656 1320 ac
673 1271 778 1319 debilita-

106 1339 158 1380 tam
174 1349 280 1395 manum,
297 1337 377 1384 florem
391 1338 461 1384 todua
474 1337 549 1385 Italire
559 1353 585 1384 ae
599 1339 670 1384 robur
681 1336 778 1384 educite

106 1396 166 1444 Jam
185 1415 238 1447 vero
256 1403 324 1448 urbea
343 1401 483 1449 eoloniarum
501 1416 528 1448 ac
545 1401 725 1465 municipiorum
743 1415 779 1448 re·

105 1461 254 1523 apondebunt
275 1465 382 1512 Catilina
402 1465 499 1512 tumulis
520 1464 667 1512 oilvmtribua
693 1465 778 1526 Neque

105 1528 778 1664 ffimqfflffiffi

105 1651 161 1710 Sed,
173 1667 202 1710 u,
216 1652 307 1700 omiaaia
316 1653 354 1700 lua
367 1656 436 1700 rebus
446 1653 563 1712 omnibus,
576 1655 660 1716 quibua
670 1669 712 1699 noa
723 1669 779 1714 sup.

92 1715 246 1778 ¹velliternus,
266 1725 317 1780 eget
334 1717 382 1776 ille,
402 1720 502 1774 (amatu,
520 1716 636 1780 equitibus
654 1715 776 1773 Romania,

104 1779 202 1842 populo,
220 1783 286 1837 urbe,
306 1778 394 1838 erario,
416 1780 575 1843 vectigalibur,
597 1779 681 1826 oimeti
698 1776 777 1836 Italii,

104 1843 230 1918 provinciis
240 1845 356 1904 omnibus,
368 1843 451 1890 exterio
466 1843 607 1902 nationibus)
619 1842 646 1918 ai,
664 1841 700 1888 his
711 1843 779 1890 rebus

100 1906 779 2036 ffivffiffiliifflffiii'i‘iiieii

106 2036 236 2100 intelligere
243 2040 375 2100 poaarrmua.
391 2035 481 2084 Exhae
492 2036 554 2083 enim
564 2045 628 2100 parte
634 2035 709 2099 pudor
719 2049 780 2098 pug-

105 2109 156 2159 nat,
174 2101 240 2150 illino
257 2099 400 2165 petulantia3
424 2099 479 2148 lrino
504 2100 623 2163 pudicitia,
645 2101 708 2147 illinc
731 2107 780 2146 stu·

100 2187 104 2194 ¹
185 2181 194 2223 ι
215 2166 271 2214 hinc
291 2165 356 2225 idea,
378 2164 443 2212 illine
464 2164 597 2222 fraudati03
620 2164 674 2212 hinc
697 2163 779 2226 pietas,

135 2229 141 2240 ”
158 2230 271 2288 eaoelua3
288 2229 343 2278 hinc
353 2229 656 2288 oonatantia,illincfi1ror;
672 2226 780 2274 hincho-

105 2301 191 2354 neaua,
202 2294 266 2342 illine
276 2293 413 2358 turpitudor
429 2293 485 2342 hine
492 2291 640 2349 continentia,
651 2290 715 2338 illino
724 2289 779 2336 libi-

105 2357 153 2405 «lor
170 2358 270 2425 denique
287 2358 392 2422 aquitae,
409 2357 570 2421 temperantia,
587 2354 706 2413 fortitudo,
723 2367 781 2417 pru·

105 2421 192 2479 (letitia,
203 2423 299 2471 virtutes
311 2437 400 2482 omnea,
413 2429 501 2471 certant
516 2437 569 2471 eum
580 2419 711 2484 iniquitate,
723 2433 777 2492 ouqr

106 2486 209 2546 luxurii,
228 2501 281 2536 eum
299 2487 400 2550 ignaui,
420 2501 475 2535 eum
493 2485 629 2544 temeritate,
648 2497 701 2531 eum
718 2482 780 2556 vitria

104 2551 231 2602 omnibu-ar
248 2558 373 2617 postium,
384 2552 457 2616 oopia
468 2565 521 2600 oum
533 2556 640 2613 egestate,
649 2549 711 2597 bona
720 2555 780 2596 ratio
