1850 2909
262 87 330 140 PRO
347 81 496 141 GAECINA.
513 89 577 140 Cer.
594 89 633 139 tt.
735 88 781 139 129

113 211 163 266 sit?
174 209 238 282 q'uod
248 220 347 283 populus
356 211 436 282 jubere
446 228 488 268 sut
496 214 574 269 vetere
585 234 632 285 non
642 219 732 282 possit?
749 217 784 265 Ut

112 295 143 330 ne
157 283 249 346 longius
264 287 353 342 abeam,
370 283 470 332 declarat
483 285 528 331 iste
539 284 670 346 adscriptio,
681 298 730 330 esse
740 283 783 329 eli-
869 309 882 326 f

113 346 187 408 quid:
205 363 270 406 nam,
280 349 324 396 nisi
335 357 400 405 esset,
418 348 462 396 hoc
476 349 501 394 in
517 348 625 395 omnibus
637 347 726 409 legibus
736 360 783 392 non

113 409 284 470 adscriberetur,
302 412 347 460 Sed
357 427 436 476 quoero
447 413 488 460 ebs
499 423 530 470 te,
541 410 673 474 putesne‚si
683 411 784 472 populus

112 474 213 533 jusserit,
225 489 263 522 me
273 484 349 535 tuum,
361 485 401 524 aut
411 476 477 534 item,
496 484 519 523 te
534 490 614 522 meum
625 489 716 522 servum
727 489 783 530 esse,

113 537 138 583 id
150 539 243 599 jussum
253 547 329 586 retum
340 550 409 604 etque
420 539 515 586 firmum
524 539 649 586 futurum?
671 537 784 599 Perspicis

113 600 157 648 hoc
168 601 240 662 [nihil
251 619 307 663 esse,
314 613 342 651 ut
350 605 375 650 in
386 604 481 661 coeteris,
491 619 543 666 quae
550 603 659 666 rogavit]
677 602 784 648 Primum

112 663 172 712 illud
183 667 295 722 concedis,
303 681 357 728 non,
369 667 484 731 quidquid
491 667 591 730 popolus
598 665 699 728 jusserit,
707 673 784 712 retum

112 739 275 792 esseoportere.
287 731 784 793 DemdeniliilrationiseffQquarnobrem,

112 792 132 838 si
147 793 240 841 libertos
254 794 325 842 adimi
340 795 405 842 nullo
423 795 494 842 modo
510 794 589 857 possit,
604 794 683 842 civitas
697 793 783 856 possitt
866 794 869 799 ⁴

112 868 203 904 namet
217 857 381 906 eodemmodo
395 858 424 906 de
438 860 537 921 utrique
550 874 575 906 re
591 858 702 905 traditum
718 856 785 904 nobis

114 927 163 966 est:
181 929 212 980 et,
224 921 244 968 si
255 923 325 969 semel
335 922 413 970 civitas
421 923 583 985 edimipotest,
591 921 684 969 retineri
693 921 785 967 libertas

113 997 160 1030 non
167 993 249 1047 potest
266 985 316 1044 Qui
324 987 386 1033 enim
393 996 469 1048 potest
477 988 529 1047 jure
536 985 665 1045 Quiritium
673 985 785 1032 liberesse

111 1046 140 1109 is,
152 1049 195 1111 qui
205 1049 230 1096 in
241 1064 339 1096 numero
349 1049 478 1108 Quiritium
489 1065 536 1097 non
546 1052 600 1097 est?

144 1113 226 1174 Atque
232 1129 274 1175 ego
281 1113 525 1161 hancedoleseentulus
532 1127 624 1161 eausam
631 1125 783 1174 cumngerem

110 1183 192 1222 eontra
202 1176 321 1223 hominem
331 1177 506 1224 disertissimum
517 1186 600 1225 nostrae
610 1176 717 1233 civitatis,
729 1175 786 1223 Cot-

111 1246 170 1297 tam,
182 1241 286 1302 probavi.
303 1241 365 1288 Cum
373 1241 490 1288 Arretinae
498 1241 602 1289 mulieris
609 1241 738 1288 libertatem
746 1239 786 1286 de-

112 1302 241 1362 fenderem,
254 1312 277 1351 et
287 1303 357 1353 Cotta
367 1303 501 1352 decemviris
514 1305 648 1368 religionem
664 1304 786 1366 injecisset,

113 1379 161 1412 non
179 1382 246 1429 posse
262 1377 432 1416 sacamentum
451 1377 555 1416 nostrmn
572 1370 662 1429 justum
679 1367 787 1428 judicari,

113 1430 177 1492 quod
188 1431 304 1478 Arretinis
314 1432 407 1479 ademta
418 1432 496 1480 civitas
504 1441 569 1491 esset,
581 1442 605 1480 et
614 1447 657 1494 ego
665 1432 788 1479 vehemen-

113 1493 160 1541 tius
171 1495 346 1554 contendissem,
359 1495 475 1543 civitatem
486 1497 558 1543 adimi
565 1511 612 1542 non
620 1495 736 1558 potuisse;
749 1493 789 1540 de-

112 1559 208 1608 oemviri
218 1559 295 1620 primi
309 1559 397 1606 actione
411 1573 458 1606 non
474 1561 648 1620 judicaverunt:
665 1566 752 1620 postea,
763 1571 789 1603 re

113 1622 211 1684 quesiti
222 1631 245 1669 et
254 1622 388 1683 deliberate,
405 1632 573 1670 sacramentum
584 1631 688 1670 nostrum
697 1621 788 1681 justmn

111 1685 282 1745 judicaverunt
299 1688 381 1749 Atque
391 1687 444 1745 hoc,
456 1696 479 1734 et
489 1696 568 1735 eontra
578 1686 666 1733 dicente
677 1684 754 1743 estet,
766 1691 790 1731 et

111 1749 181 1796 Sunt
191 1750 253 1810 vivo,
268 1751 398 1810 iudicatum
410 1759 450 1798 est.
471 1752 529 1798 Jom
539 1765 593 1798 vero
609 1751 635 1796 in
651 1748 746 1807 ceteris,
761 1757 789 1795 ut

112 1827 203 1873 omnes,
216 1815 258 1877 qui
271 1814 297 1860 in
313 1813 392 1861 eidem
402 1814 472 1862 causi
482 1822 547 1874 eunt,
566 1823 588 1861 et
604 1815 656 1877 lege
670 1822 749 1876 agant,
767 1820 791 1859 et

113 1891 183 1924 suum
192 1880 232 1938 jus
242 1886 419 1942 persequentur,
429 1887 452 1926 et
462 1893 544 1926 omnes
552 1880 604 1939 jure
615 1877 685 1934 civili,
694 1877 743 1925 sine
750 1891 791 1924 ou·

109 1941 222 2004 jusquam
233 1951 274 1989 aut
288 1943 434 2006 magistratirs
443 1949 484 1989 eut
493 1941 577 2003 judicis
591 1941 706 2005 autperiti
714 1941 789 1990 homi-

110 2004 148 2051 nis
159 2013 200 2052 out
210 2005 315 2068 imperiti
326 2005 478 2065 dubitatione,
489 2014 594 2065 utantur,
605 2006 663 2068 quid
673 2021 716 2068 ego
725 2019 789 2052 oom-

110 2069 258 2116 memorem?
276 2070 376 2118 dubium
383 2069 470 2116 nemini
476 2073 624 2117 vestrdmest
642 2068 789 2132 Gertequoeri

109 2132 156 2180 hoe
167 2133 247 2193 solere,
261 2149 300 2181 me
316 2148 363 2181 non
371 2133 482 2208 preterit,
494 2137 532 2186 <ut
542 2149 572 2180 ex
582 2148 620 2180 me
630 2148 666 2193 eo,
681 2149 734 2197 quae
743 2131 787 2180 tibi

110 2196 137 2242 in
147 2206 251 2244 mentem
264 2211 311 2245 non
326 2206 430 2257 vomunt,
444 2197 534 2256 audies)
550 2196 787 2260 quernsdmodum,si

110 2259 192 2308 civitas
211 2261 284 2308 adimi
299 2276 346 2308 non
363 2260 444 2324 possit,
458 2262 484 2308 in
502 2261 602 2309 oolonios
616 2261 712 2309 letum
727 2273 788 2320 προ

110 2324 185 2371 nostri
195 2324 256 2371 cives
266 2324 362 2388 profecti
370 2325 423 2373 sint.
440 2318 494 2372 Aut
501 2325 544 2372 sut
550 2326 675 2383 voluntate,
683 2332 724 2370 aut
729 2321 788 2382 legis

109 2387 196 2446 multi,
208 2387 305 2451 protecti
315 2396 383 2436 sunt:
400 2385 473 2452 qu'em
482 2390 583 2436 multem
591 2389 610 2436 si
618 2387 711 2436 sufferre
721 2385 788 2432 volu·

112 2452 192 2509 issent,
207 2461 260 2500 tum
267 2467 361 2500 manere
370 2453 395 2500 in
406 2453 499 2501 civitate
507 2453 643 2515 potirissent

139 2515 263 2564 XXXIV.
287 2515 374 2575 Quid?
394 2532 466 2580 quem
481 2525 547 2579 peter
563 2525 667 2578 patratus
683 2510 780 2566 dedidit,

109 2587 152 2628 tut
162 2595 218 2628 suut
228 2588 293 2644 peter
302 2579 431 2645 populusve
441 2579 554 2640 vendidit,
565 2593 613 2640 quo
621 2577 642 2623 is
651 2578 703 2636 jure
713 2573 784 2621 emit·
