1850 2909
219 57 288 108 sito
304 59 395 108 bnon
411 57 576 108 MANILIA.
594 63 657 108 Cur·
675 61 698 115 7.
730 62 776 109 139

106 186 285 262 relinqunnnnt
295 189 432 250 agricultum
438 189 562 244 deseritur:
574 199 726 238 mercatorum
734 204 774 237 ne-

108 251 194 313 vigano
207 253 351 316 conquiescit
376 253 413 299 ltu
428 267 503 316 neque
518 269 547 301 ex
561 262 772 317 purim-nequem

108 314 220 374 decumis,
237 331 311 379 neque
322 332 351 364 ex
361 315 480 378 scripturi,
492 317 586 380 vectigal
597 319 722 364 conservari
732 333 773 380 po·

108 386 160 426 test.
188 379 343 443 Queresoepe
360 381 601 428 totiusenniirncms
618 395 774 429 unornmorc

109 443 214 504 periculi,
265 459 295 492 ue
305 459 352 492 nno
362 444 416 492 belli
426 453 518 502 terrore,
529 445 650 492 amittimr.

115 505 306 566 ·Quotnnem
323 509 400 556 animo
417 509 772 572 manumetisuuteosqui

108 571 228 634 vectigalis
238 573 302 620 nobis
313 573 434 635 pensitant,
446 581 488 620 aut
495 587 533 620 eos
540 574 581 636 qni
589 583 694 622 exercent
703 581 773 636 etque

107 635 213 698 exigunt,
230 651 284 683 cum
298 637 344 684 duo
358 652 421 699 reges
435 651 489 684 cum
503 637 692 701 maximiscopiis
702 652 773 701 prope

107 698 202 747 adsim?
218 714 272 747 cum
290 715 336 748 una
352 701 454 748 excursio
469 701 582 764 equitetis
595 703 700 764 perbrevi
714 711 773 749 tem-

105 889 130 936 in
146 891 215 952 agris,
232 891 330 954 quasin
347 893 458 954 portubus
513 905 542 937 ue
555 891 670 950 custodiis,
686 846 772 955 migno

106 954 208 1016 periculo
218 971 242 1002 se
252 955 334 1002 hebere
342 955 485 1002 arbitrentur.
524 955 621 1002 unusne
631 971 671 1002 vos
681 955 727 1004 iliis
736 973 772 1004 re·

106 1020 151 1066 bus
158 1018 205 1066 frui
215 1034 287 1082 posse,
295 1019 340 1066 nisi
350 1033 395 1076 eos,
407 1018 448 1080 qui
458 1018 522 1065 vobis
529 1017 638 1065 frucmosi
646 1029 708 1077 sunt,
719 1036 773 1067 con.

107 1083 256 1142 servaveritis,
274 1097 320 1131 non
338 1084 413 1130 solum
430 1085 468 1134 (nt
481 1091 547 1129 antec
559 1081 619 1141 dixi)
633 1084 770 1143 mamete,

107 1146 227 1194 vedefim
237 1145 643 1204 mimiumformidineliberrtcs?
788 1185 791 1190 .

142 1211 202 1259 VII.
219 1211 257 1259 Ac
269 1227 300 1272 ne
309 1211 368 1258 illud
378 1209 472 1274 quidem
482 1210 546 1258 vobis
555 1211 717 1273 negligendum
727 1222 771 1272 est,

107 1275 172 1338 quod
182 1275 240 1322 mihi
254 1291 297 1338 ego
311 1284 439 1323 extremum
453 1289 623 1336 proposueram,
634 1291 688 1322 cum
698 1292 770 1324 essem

107 1339 138 1386 de
154 1339 210 1386 belli
226 1355 308 1402 genere
324 1339 434 1396 dicturus,
449 1338 513 1400 quod
525 1338 555 1385 cd
568 1339 696 1387 multorum
710 1343 771 1388 bona

106 1403 194 1450 civium
211 1404 369 1451 Romanorum
387 1402 500 1465 pertinen
523 1418 622 1513 puornm
640 1404 713 1457 vobis,
730 1421 772 1467 pro

108 1467 183 1514 vestri
197 1467 315 1530 sapientiis,
327 1465 437 1525 Quirites,
448 1466 524 1513 haben
540 1467 665 1513 eustratio
675 1468 772 1530 diligen-

108 1539 150 1578 ter.
174 1532 237 1580 Nsm
254 1541 277 1578 et
291 1530 415 1594 publicani,
429 1531 534 1578 homines
547 1538 570 1578 et
584 1531 735 1577 honestissimi
749 1540 772 1578 et

108 1595 253 1653 missimi,
271 1611 323 1644 suas
333 1594 430 1642 miiones
440 1603 463 1642 et
473 1595 549 1657 copies
562 1594 587 1641 in
602 1594 667 1640 illem
681 1595 772 1656 provin·
800 1588 804 1598 ’

108 1659 169 1708 nrm
183 1661 343 1714 contuleruntt
360 1673 459 1721 qnorum
476 1659 577 1721 ipsorum
595 1672 636 1719 per
654 1673 678 1704 se
696 1673 731 1704 rer
749 1669 772 1706 et

108 1723 207 1772 iormnae
214 1739 275 1772 curce
282 1724 346 1772 vobis
354 1737 400 1772 esse
407 1723 498 1772 debent.
515 1721 617 1777 Etenim,
629 1721 774 1783 sivectignlia

109 1804 190 1838 nervos
204 1804 251 1837 esse
265 1787 395 1850 reipublice
409 1803 498 1850 semper
508 1787 632 1841 duximus3
650 1799 703 1832 eum
714 1796 773 1834 certe

108 1852 277 1916 ordincm,'qni
290 1860 378 1900 exercet
392 1852 441 1908 illst
455 1852 626 1912 firmamentum
640 1858 773 1899 ceterorum

85 1972 88 1978 ¹
107 1917 216 1964 ordinum
227 1925 286 1964 recte
296 1931 344 1964 esse
354 1916 462 1963 dicemus.

142 1981 233 2030 Deinde
246 1980 332 2028 oeteris
346 1995 375 2027 ex
388 1979 506 2027 ordinibus
519 1980 623 2028 homines
637 1982 690 2028 navi
705 1989 728 2029 et
737 1982 774 2028 in-
824 2000 830 2010 ¹

108 2046 191 2093 dustrii
204 2045 289 2108 purtim
303 2044 348 2108 ipsi
359 2043 384 2090 in
395 2043 454 2090 Asin
468 2043 620 2106 negotisnmr,
635 2045 719 2108 quibus
734 2062 775 2093 vos

109 2111 240 2158 absentibus
250 2109 366 2158 connrlere
376 2107 478 2163 debetis3
490 2108 574 2171 purtim
585 2125 637 2155 mus
646 2117 670 2156 et
680 2125 774 2157 suorum

108 2175 133 2220 in
145 2173 172 2237 ei
185 2173 303 2237 provincii
316 2172 424 2236 pecunius
437 2187 534 2235 magnis
547 2170 667 2220 collocutus
680 2174 773 2221 babent.

106 2239 161 2286 Erit
173 2238 244 2302 igitur
257 2236 406 2286 humanitatis
420 2245 508 2294 vestre,
523 2251 635 2300 magnum
650 2252 729 2284 eornm
743 2237 776 2283 ci-

108 2304 172 2350 vium
181 2317 305 2350 numerum
315 2302 443 2351 munitate
453 2301 587 2364 prohibere3
605 2301 729 2363 snpiennm
741 2301 775 2347 vi-

108 2369 170 2427 dere,
181 2367 309 2416 multorum
319 2366 405 2414 civium
415 2365 567 2413 cnlenntatan
582 2369 597 2411 'e
610 2364 728 2426 republici
742 2379 777 2411 se·

107 2435 212 2494 §tinctum
222 2447 270 2480 esse
281 2445 327 2478 nnn
337 2445 409 2493 posse
432 2430 527 2477 Etenim
535 2429 594 2475 illud
602 2428 704 2489 primum
712 2428 777 2489 parvi

108 2497 185 2555 refert,
196 2511 237 2544 vos
247 2495 374 2560 publicanis
382 2495 465 2543 amissa
473 2492 592 2555 vectigalis
599 2500 676 2552 postca
684 2490 778 2550 victoriis

109 2575 247 2625 recuperare.
271 2560 355 2624 Neque
370 2560 432 2608 enim
446 2558 528 2607 iisdem
543 2552 669 2602 redimendi
682 2553 777 2604 souitu
