1850 2909
164 46 213 96 ³2⁶
280 44 320 93 IN
336 41 576 94 castimonii
594 41 656 95 Car.
676 42 715 90 is.

165 171 260 238 spectari
270 171 431 235 imperatorem
441 170 467 218 in
477 170 556 218 caenis
568 168 671 218 hostium
686 167 765 228 mutia,
783 183 845 217 aiis·

164 245 238 284 torem
253 235 349 309 sceleris
362 234 492 309 principem
506 233 675 294 conjurationis,
691 243 844 280 evocatorem

80 297 82 303 ’
165 315 282 348 servorum
293 308 316 347 et
326 314 411 347 civium
421 297 571 361 perditorum,
579 296 641 345 exire
648 297 752 360 patieris,
761 305 789 345 ut
797 298 844 344 ahs

166 360 845 423 tenmnnissuaeerbemdimmissusinUrbem‚essc

166 427 288 476 videatur?
306 427 390 474 Nonne
399 426 462 473 hunc
472 425 497 472 in
507 425 599 474 vincula
608 424 670 484 duri,
682 440 729 472 non
736 425 843 472 admor-

165 500 214 540 tem
224 491 282 555 rapi,
293 505 340 537 non
350 505 442 538 summo
452 489 564 552 supplicio
574 489 677 548 mactari,
689 488 841 552 imperabis?

167 556 232 616 Quid
242 554 335 602 tandein
345 553 491 617 impeditte?
507 567 586 600 mosne
596 555 731 615 majorum?
750 562 775 600 at
784 569 843 616 per-

167 635 228 682 saepe
238 619 307 668 etiam
317 618 400 681 privati
410 617 435 665 in
444 617 489 664 hac
499 615 616 680 republicis
625 617 764 680 perniciosos
777 617 843 665 ἀνα

167 692 242 731 morte
251 683 394 730 multiruntz
411 695 442 728 aii
451 682 523 744 leges,
541 697 594 748 quie
609 680 638 728 de
650 681 736 729 civium
748 681 843 728 Roma·

169 761 253 794 norum
270 745 382 810 supplicio
399 754 485 808 rogate
499 745 570 792 sunt?
586 754 610 792 at
624 759 746 808 nunquam
757 745 783 790 in
794 744 842 792 hac

168 813 226 858 urbe
236 811 262 869 ii,
273 811 315 873 qui
322 826 337 857 a
346 809 464 872 republiei
474 808 612 867 deiecerunt,
620 808 704 856 civium
709 811 765 869 jura
771 817 843 856 tenu-

169 884 243 922 erimt.
266 874 307 921 An
320 873 431 922 invidiam
448 872 585 936 posteritatis
600 871 685 920 times?
701 867 842 937 preclaram

168 954 222 988 vero
228 937 314 1003 populo
323 939 429 985 Romano
435 937 504 984 refers
512 936 618 1000 gronam,
627 937 668 1000 qui
676 945 708 995 te,
716 937 841 984 hominem

169 1019 211 1070 per
218 1011 240 1050 te
248 1003 373 1066 cognitum,
380 999 444 1048 nulli
450 1001 646 1050 commendatione
654 1002 780 1062 maiorum,
789 1008 841 1048 tam

170 1075 260 1115 mature
270 1065 299 1114 ad
310 1081 428 1113 summum
438 1064 563 1128 imperium
577 1081 618 1139 per
632 1079 711 1112 omnes
721 1065 841 1112 honorum

169 1131 255 1194 gradus
271 1131 362 1189 exsilit,
374 1130 400 1188 si,
411 1139 505 1193 propter
518 1128 629 1176 invidiam
639 1137 680 1177 aut
690 1127 790 1189 alicujus
800 1143 841 1192 pe·

169 1193 236 1241 riculi
246 1204 343 1252 metum,
352 1194 449 1241 salutem
460 1193 545 1241 civium
556 1202 649 1240 tuorum
659 1191 766 1256 negligis.
783 1191 839 1252 Sed,

170 1257 191 1306 ai
201 1258 253 1320 quis
263 1265 297 1305 est
307 1257 399 1304 invidiie
409 1266 493 1314 metus,
504 1271 562 1304 num
571 1265 605 1304 est
612 1255 770 1304 vehementius
776 1271 839 1304 seve-

171 1321 244 1368 ritatis
254 1336 281 1368 ac
291 1321 430 1368 torutudmis
439 1321 534 1382 invidia,
546 1337 617 1384 quam
625 1320 712 1368 inertiae
722 1336 750 1368 ac
758 1335 774 1367 n
803 1319 841 1366 iii-

171 1385 218 1444 tie,
229 1385 423 1449 pertimesouidu?
439 1386 490 1444 An,
498 1401 550 1432 cum
557 1385 618 1434 bello
626 1385 752 1432 vastabitur
761 1385 774 1431 1
810 1385 815 1394 '
840 1436 843 1446 Ι

171 1451 316 1506 vexabuntur
326 1451 402 1509 urbes,
413 1457 473 1496 tecta
482 1449 603 1508 ardebunt,
614 1458 665 1496 tum
673 1458 696 1497 te
703 1463 751 1497 non
762 1446 841 1496 existi

171 1528 222 1561 mas
232 1512 324 1561 inridiae
334 1513 438 1561 incendio
447 1513 638 1576 conflagratiiruin
647 1514 675 1561 ?”

204 1577 266 1625 XIl.
284 1577 330 1624 His
344 1592 386 1640 ego
403 1577 549 1625 sanctissimis
563 1577 693 1640 reipublice
703 1577 805 1638 vocibus,
817 1584 841 1626 et

173 1657 253 1690 eorum
260 1641 391 1700 hominum,
398 1641 439 1705 qui
446 1641 509 1688 idem
517 1641 625 1702 sentiunt,
634 1642 758 1700 nientilius,
766 1655 841 1706 pauca

172 1705 320 1769 respondebo.
343 1705 404 1780 ilgo,
416 1705 489 1780 sihpc
503 1705 618 1769 optimum
629 1706 690 1754 iactu
702 1705 839 1781 judicarem,

174 1911 230 1945 sem.
247 1896 351 1956 dimini,
364 1898 384 1944 si
394 1899 480 1944 summi
491 1898 542 1956 viri,
554 1907 577 1945 et
587 1898 705 1946 clarissimi
716 1898 783 1957 cives,
798 1899 840 1946 Sa-

173 1960 270 2018 turnini,
288 1969 311 2008 et
329 1960 494 2022 Gmochorum,
513 1969 536 2010 et
554 1961 639 2023 Flacci,
658 1971 680 2011 et
699 1963 840 2026 superiorum

175 2024 330 2091 complurium
341 2026 459 2088 sangiune,
474 2039 521 2072 non
529 2026 599 2076 modo
610 2043 634 2074 sc
646 2041 692 2074 non
703 2025 841 2074 contamini-

174 2097 237 2147 rimt,
249 2087 289 2136 sed
304 2089 373 2136 etiam
387 2089 552 2146 honestirimts
570 2099 629 2138 certe
644 2090 703 2138 mihi
717 2090 840 2139 verendum

175 2167 222 2200 non
233 2160 289 2210 erat,
297 2168 327 2201 ne
335 2151 451 2216 quidhoc
461 2153 571 2218 parricidi
578 2154 664 2202 civium
671 2153 797 2214 interfecto,
805 2153 840 2202 in-

174 2217 243 2266 vidiie
252 2216 312 2264 mihi
319 2216 352 2263 ·in
367 2217 522 2280 posteritatem
538 2217 682 2268 redundaret.
705 2218 804 2277 Quodsi
814 2235 840 2267 ea

174 2282 234 2330 milii
243 2281 346 2328 maxime
355 2281 511 2345 impenderetr
529 2291 606 2331 tamen
616 2283 660 2332 hoc
670 2283 748 2332 animo
755 2299 839 2348 semper

174 2346 219 2404 fiii,
231 2354 258 2392 ut
267 2345 378 2393 invidiam
389 2346 472 2394 virtute
488 2354 587 2410 partam,
602 2347 708 2412 gloriam,
724 2362 771 2396 non
784 2347 838 2398 inii·

174 2409 246 2467 diam,
257 2417 372 2471 putarem.

206 2471 362 2535 Quamquam.
372 2473 478 2522 nonnulli
489 2481 542 2522 sunt
552 2475 577 2522 iii
589 2476 633 2525 hoc
647 2475 735 2540 ordine,
752 2475 792 2540 qui
801 2483 838 2524 aut

173 2551 209 2594 ea,
221 2550 274 2597 que
281 2535 412 2600 immiserit,
423 2551 470 2588 non
480 2537 586 2599 videant3
604 2545 645 2593 eut
651 2557 687 2602 ea,
694 2556 748 2606 que
757 2539 837 2601 viduit,
