1850 2909
293 401 371 459 mo
393 399 496 459 uuus
517 371 702 458 munt.
803 358 806 371 ’

195 545 216 592 1.
233 544 404 603 Quinum
412 543 471 590 mihi
481 559 570 606 semper
579 543 687 606 frequens
696 551 831 605 eonspectus

162 617 234 656 vester
244 609 318 656 multo
324 608 512 668 jucundissimus,
523 608 561 655 hic
568 616 645 654 autem
654 607 717 654 locus
723 607 753 663 ad
759 621 830 668 agen·

162 673 219 720 dum
230 671 392 734 amplissimus,
409 671 439 719 ad
449 671 573 718 dicendum
583 671 740 718 ornatissimus
750 680 784 717 est
794 671 830 718 vi-

162 753 208 794 sus,
223 735 340 794 Quiritesg
357 744 435 782 tamen
449 735 493 782 hoc
507 735 571 782 aditu
587 735 670 793 laudis,
681 735 723 797 qui
739 749 829 797 semper

161 800 248 862 optimo
255 799 337 862 cuique
347 801 448 847 maxime
458 800 541 862 patuit,
549 813 595 846 non
605 814 659 846 mea
668 813 707 845 me
712 799 828 863 voluntas,

161 864 201 911 sed
215 878 273 911 mere
288 865 341 911 vitae
356 864 461 921 renones,
478 866 508 911 ab
526 863 619 910 ineunte
633 870 699 909 aetate
710 871 829 925 suceptae,

161 928 335 1038 qrohibuemnt.
352 927 425 986 Nam,
437 943 492 974 cum
508 935 582 985 antea,
599 943 640 989 per
653 934 753 984 aetatem,
769 941 829 974 nen-

177 1007 218 1038 um
237 992 307 1052 hujus
328 992 485 1040 auctoritatem
505 991 549 1038 loci
570 992 681 1053 attingere
701 990 827 1046 auderem

161 1064 337 1119 statueremque,
349 1055 407 1102 nihil
415 1056 469 1113 hut,
478 1053 522 1102 nisi
531 1055 658 1117 perfectum
668 1053 769 1116 ingenio,
780 1055 829 1101 ela·

161 1121 268 1167 boratum
285 1119 405 1178 industrii,
423 1119 498 1167 afferri
514 1127 632 1180 oportere3
660 1133 729 1165 omne
746 1132 827 1164 meum

161 1191 252 1244 tempus
268 1184 394 1230 attritorum
409 1183 550 1246 temporibus
562 1181 764 1230 transmittendum
783 1197 829 1244 pu·

161 1245 214 1292 tavi.
232 1245 270 1292 Ita
284 1261 359 1309 neque
369 1247 407 1294 hic
417 1248 480 1295 locus
491 1261 575 1293 vacuus
586 1261 690 1310 unquam
703 1245 747 1292 fuit
757 1247 788 1293 ab
798 1245 828 1292 iis

161 1309 202 1373 qui
213 1317 310 1357 vestram
321 1325 413 1357 eausam
427 1310 592 1365 defenderent;
609 1319 632 1357 et
641 1325 707 1357 meus
717 1310 790 1367 labor,
801 1309 828 1356 in

160 1373 301 1436 privaturum
316 1374 422 1437 periculis
438 1383 498 1422 caste
516 1374 650 1436 integreque
668 1383 778 1431 versatis,
797 1389 827 1420 ex

160 1445 234 1485 uestro
242 1437 328 1498 judicio
338 1437 439 1485 fructum
453 1446 487 1485 est
501 1437 670 1500 amplissimum
685 1445 826 1485 consecutus·

161 1502 225 1549 Nam
235 1517 297 1561 cum,
308 1511 401 1565 propter
410 1502 543 1549 diletionem
553 1501 706 1560 comitiorum,
718 1509 752 1547 ter
758 1517 828 1612 ffi-

159 1574 196 1614 tor
205 1566 294 1630 primus
304 1566 410 1614 centuriis
421 1566 508 1613 eunctis
523 1566 666 1612 renuntiatus
680 1580 743 1623 sum,
813 1581 827 1612 e

160 1629 270 1689 intellexi,
282 1630 392 1689 Quirites,
404 1638 427 1677 et
435 1628 492 1692 quid
502 1630 531 1677 de
540 1645 579 1676 me
587 1629 726 1690 judicaretis,
735 1637 758 1676 et
768 1629 827 1692 quid

159 1693 210 1741 aliis
221 1694 399 1758 praseribmetis.
416 1694 496 1752 Nunc,
506 1709 559 1741 eum
570 1702 593 1741 et
603 1693 742 1741 auctoritatis
751 1693 777 1739 in
788 1708 827 1740 me

159 1765 251 1804 tautum
261 1758 298 1816 sit,
309 1766 423 1821 quantum
433 1771 473 1805 vos
486 1758 611 1805 honoribus
626 1757 762 1804 mandandis
778 1773 827 1804 esse

159 1821 270 1881 voluistis,
282 1832 305 1869 et
314 1821 343 1888 qd
351 1821 467 1883 agendum
477 1821 592 1870 facultatis
601 1829 702 1879 tautum,
711 1829 825 1884 quarmrm

156 1884 249 1931 homini
266 1885 369 1948 vigilanti
392 1901 421 1933 ex
437 1885 522 1934 forensi
537 1902 581 1934 usu
600 1901 672 1948 pmpe
692 1885 826 1948 quotidiana

158 1946 250 1995 dicendi
261 1949 389 1997 exercitatio
398 1950 474 2013 potuit
484 1950 579 2006 afferre3
604 1958 672 2009 certe,
687 1958 718 2009 et,
734 1950 754 1996 si
768 1949 835 2012 quisi

160 2012 300 2060 auctoritatis
317 2013 342 2060 in
360 2029 399 2061 me
416 2023 457 2074 est,
470 2015 497 2062 ei
513 2013 576 2080 apud
591 2029 629 2061 ens
643 2021 703 2072 utar,
717 2014 758 2076 qui
773 2027 825 2060 erun

158 2075 217 2122 mihi
227 2076 353 2134 dederunt3
371 2086 401 2138 et,
419 2078 506 2142 siquid
521 2079 591 2126 etiam
606 2077 702 2125 dieendo
717 2078 826 2140 eonsequi

158 2268 239 2332 Atque
253 2269 312 2317 illud
327 2271 352 2316 in
368 2270 448 2332 primis
462 2270 522 2318 mihi
531 2269 657 2318 laetandum
666 2271 719 2330 jure
732 2285 781 2316 esse
791 2269 826 2316 vi-

157 2333 209 2392 deo,
236 2334 292 2393 uod,
307 2334 332 2380 in
348 2334 392 2381 hae
401 2334 494 2381 insolita
506 2334 566 2381 milri
581 2350 611 2382 ex
623 2334 667 2381 hoe
676 2335 727 2380 loen
737 2333 825 2380 ratione

157 2395 222 2443 dicen
240 2397 256 2456 ',
267 2411 335 2446 eausa
345 2397 396 2444 talis
409 2398 486 2444 oblata
501 2407 544 2458 est,
557 2399 582 2444 in
598 2398 646 2461 qual
659 2397 731 2444 oratio
748 2397 831 2458 deesse¹

157 2460 244 2508 nanini
254 2469 335 2534 potest.
352 2460 483 2508 Dicendum
494 2471 528 2508 est
540 2462 602 2509 enim
618 2461 647 2508 de
658 2460 702 2508 Gn.
718 2460 826 2524 Pompeii

169 2522 175 2533 ’
277 2523 408 2586 ειίωὶῆφιε
420 2524 518 2571 virtuter
535 2525 606 2585 hujus
622 2532 700 2572 autem
716 2525 825 2573 orationis

156 2584 181 2630 di
205 2587 270 2636 cilius
281 2597 314 2634 est
325 2587 413 2636 exitum
424 2603 495 2650 quam
506 2588 644 2651 principium
655 2588 772 2636 invenire:
791 2588 824 2636 ita
