1850 2909
159 72 192 119 26
289 72 329 121 IN
345 72 496 125 VERREM
512 75 559 125 vl.
574 69 639 125 Ger.
653 78 693 123 at.

158 208 211 247 tum
221 202 356 251 testimoniis
366 204 500 267 eofflosoite.
516 204 598 252 Recita
606 203 766 252 testimonium
773 204 834 253 civi.
919 195 920 248 ἶ

159 272 242 311 tatum.

337 333 493 387 (Testimonia
509 336 650 392 civitatum

191 392 274 443 XXV.
291 396 413 445 Hunccine
429 398 566 447 hominem?
582 397 693 445 umecine
705 396 833 460 impuden-

159 457 225 519 tiam,
234 461 341 522 Judicesi
357 463 467 511 hsueeine
477 464 615 511 audaciam?
631 462 778 521 Civitatibus,
787 477 833 525 pro

159 538 257 573 numero
267 528 378 589 militum,
396 530 546 591 pecuniarum
563 528 666 576 summas
683 526 830 574 describere?

159 597 248 637 certum
257 592 367 656 pretium,
379 609 486 642 sescenos
496 608 613 652 nummos,
628 600 751 639 nautamm
771 590 833 638 mis·

160 652 219 701 sioni
229 656 382 705 constituere?
399 662 457 722 quos
468 658 509 722 qui
519 658 621 716 dederat,
629 662 784 703 commeatum
791 666 832 702 to-
919 669 920 672 ’

107 758 109 765 .
159 716 206 765 tius
217 721 300 768 ostatis
310 724 448 771 abstulerat:
466 724 517 781 iste,
528 722 592 785 quod
605 730 629 769 ot
642 728 719 768 nautae
733 718 832 767 nomine

160 798 203 845 pro
213 784 325 847 stipendio
332 786 494 851 frumentoque
502 795 626 849 acceperet,
634 786 772 832 luctabanrr.
789 783 832 831 Ita

161 856 262 909 questus
272 849 359 913 duplex
376 852 445 899 unius
461 852 569 900 missione
582 850 659 898 fiebat.
682 849 763 910 Atque
779 846 833 895 hoe

159 910 230 960 homo
240 915 417 973 amentissimus,
424 917 449 963 in
455 913 768 979 tantopraedonumimpetu,
777 919 833 958 tan·

156 977 231 1040 ,ιιιιιιι
240 978 490 1043 periculoprovincise,
507 980 540 1027 sic
552 980 630 1043 palam
647 978 752 1034 faciebat,
767 984 833 1024 utet
862 986 866 988 “

160 1162 224 1217 mine
234 1124 310 1221 clidis
317 1125 378 1221 Idesset
389 1174 415 1220 iu
432 1172 518 1233 Simus,
535 1188 561 1221 re
578 1172 672 1236 quiderm
688 1168 743 1219 veri
758 1183 834 1217 naves

160 1233 248 1293 inanes,
260 1252 313 1299 quar
322 1236 425 1301 praedem
442 1237 543 1302 pretori,
557 1251 605 1284 non
619 1251 673 1299 qus
681 1232 834 1298 pradonibus

159 1305 258 1355 metum,
275 1300 397 1358 afferreutr
414 1310 501 1360 umen,
521 1316 575 1350 cum
591 1301 620 1348 P.
639 1298 748 1347 cesetius
762 1305 787 1345 et
798 1296 833 1344 P.

160 1360 250 1411 'Pedius
260 1363 339 1417 decem
353 1366 450 1414 nasibus
467 1366 514 1419 (bis
530 1362 671 1427 semiplenis)
686 1362 833 1425 navigarant,

158 1440 242 1475 navem
248 1429 373 1491 quemdem
383 1430 519 1493 piratarum,
529 1428 728 1494 proditoriam,
735 1440 783 1474 non
791 1440 843 1474 ee-¹

159 1500 252 1554 pemnt,
264 1493 304 1541 sed
314 1494 469 1553 obduxerunt,
480 1509 600 1542 onere-suo
610 1493 679 1556 plane
689 1498 780 1555 upum
794 1498 834 1538 at-

161 1571 207 1619 que
217 1556 354 1620 depressam.
379 1558 476 1607 Erotes
490 1558 556 1606 navis
565 1558 634 1621 plene
641 1554 769 1618 juventutis
782 1554 835 1602 for-

159 1620 302 1680 mosissimae,
313 1620 382 1685 plens
392 1622 481 1685 argenti
490 1622 554 1681 freti,
565 1631 634 1685 etque
648 1619 741 1682 signati,
754 1617 835 1667 multa

160 1698 215 1731 cum
226 1686 328 1748 stregulb
342 1694 410 1733 veste.
434 1684 627 1735 Hosounenavis
642 1700 657 1731 e
672 1683 835 1731 classenoetrd

160 1761 208 1794 non
218 1757 285 1811 capto
295 1758 337 1809 est,
349 1750 388 1797 sed
399 1751 492 1797 inventa
501 1751 532 1797 ad
539 1748 697 1813 Megaridem
714 1747 756 1811 qui
765 1746 833 1795 locus

160 1819 195 1859 est
205 1826 252 1859 non
262 1814 331 1877 longe
341 1829 355 1860 ιι
367 1814 492 1877 Syracusis.
509 1814 581 1873 Quod
591 1814 633 1861 ubi
646 1811 685 1859 isti
695 1810 832 1859 nuntiatum

161 1882 210 1935 est3
227 1878 318 1924 tametsi
328 1878 353 1924 in
364 1878 415 1927 acti
426 1894 481 1926 cum
490 1877 632 1926 muiierculis
640 1878 731 1937 jacebat
740 1875 830 1934 ebrius,

161 1940 234 1987 erexit
248 1956 272 1988 se
289 1948 375 2001 tamen,
394 1951 417 1990 et
435 1943 513 1990 statim
529 1941 638 2006 questuri
653 1942 774 2003 legatoque
788 1954 833 1988 suo

160 2004 265 2052 custodes
275 2005 338 2053 misit
344 2008 481 2070 complures,
490 2016 518 2055 ut
525 2006 604 2054 omnia
611 2005 655 2053 sibi
662 2005 752 2067 integra
759 2019 833 2067 quam

160 2068 264 2130 primum
279 2070 447 2119 exhiberentur.
470 2072 606 2135 Appellitur
614 2070 680 2117 navis
690 2070 832 2133 Syroousesr

160 2141 305 2194 exspectatur
315 2137 344 2182 ab
357 2135 464 2183 omnibus
473 2135 611 2199 supplim'um
617 2134 647 2181 de
654 2132 756 2196 captivis.
774 2132 832 2191 Iste,

160 2196 238 2258 (quasi
248 2198 326 2260 predis
336 2198 379 2247 sibi
389 2197 492 2257 advers,
501 2214 548 2247 non
563 2197 709 2262 praedonibus
718 2196 800 2260 captis)
812 2197 834 2245 si

177 2275 202 2306 ur
212 2276 276 2309 senes
286 2271 327 2310 aut
335 2263 447 2311 deformes
457 2272 530 2323 erant,
539 2278 577 2311 eos
587 2263 612 2309 in
622 2262 834 2310 hostiumnumero

159 2274 239 2372 ducit:
257 2327 299 2397 qui
308 2378 309 2381 ,
317 2327 404 2389 eiiquid
419 2327 507 2387 fonnae,
522 2327 604 2386 etatis,
614 2326 750 2388 artificiique
759 2325 833 2373 habe·

161 2388 226 2449 bant,
245 2390 344 2439 abolucit.
352 2394 448 2448 omnes}
466 2392 589 2439 nonnullos
603 2390 682 2439 scribis
700 2389 756 2447 suis,
773 2388 832 2449 filio,

160 2452 301 2517 cohortique,
311 2468 315 2475 ’
324 2451 455 2504 distribuite
476 2455 652 2519 symphoniacos
667 2454 773 2502 homines
791 2469 833 2502 sex

159 2516 252 2565 cuidam
262 2518 337 2567 emico
348 2535 390 2567 suo
405 2521 508 2568 Rumam
522 2520 615 2568 muneri
624 2518 695 2567 misit.
721 2518 778 2566 Nox
791 2518 834 2567 ills

161 2586 209 2629 tots
220 2582 372 2633 ermentrude
382 2585 436 2635 navi
446 2585 596 2635 eonsumitur.
613 2583 787 2647 Ardripiratam
796 2583 834 2648 ip-
