1850 2909
251 91 319 140 PRO
337 91 484 142 CAECINA.
501 92 564 141 Can.
578 93 630 141 lu‘
720 95 766 142 113

119 218 230 267 XVIII.
246 220 355 279 Annon,
369 221 551 280 cum'voluntus,
565 221 729 281 eteonsilium,
743 218 777 269 et'

95 283 208 332 sententia
226 284 340 332 interdicti
358 285 506 348 intelligam,
523 285 691 348 impudentiam
703 301 767 334 sum-

96 363 169 407 mam,
181 356 223 395 aut
233 349 354 396 stultitiam
367 349 515 412 singularern,
524 351 667 412 potabimus,
680 351 705 397 in
716 367 767 398 ver·

97 415 182 458 borum
193 427 268 460 errore
278 414 374 472 πηκτὶς
392 429 450 474 rem,
461 423 485 462 et
495 430 595 474 eausam,
606 423 630 462 et
643 415 767 462 utilitatem

96 478 778 606 lllllffilllffillfful‘fflffiffilfflffii

96 605 162 668 eopia
179 604 217 660 sit,
229 619 276 652 non
291 606 360 654 modo
376 608 401 653 in
415 608 493 663 nostrl
509 607 590 669 lingui
604 611 668 670 (que
684 607 768 655 udus

97 682 144 716 esse
154 669 242 732 inops),
251 670 290 716 sed
300 685 330 725 ne
340 670 364 716 in
375 671 421 718 alil
431 671 526 734 quidm
535 672 594 732 uuo,
605 687 640 720 res
650 680 677 719 nt
687 687 767 720 omnes

96 733 144 780 suis
158 734 226 780 certis
236 749 263 780 ae
275 735 372 798 propriis
384 735 500 784 vocabnuis
511 736 674 793 nominentur3
692 751 769 800 neque

98 812 151 845 vero
167 797 297 860 quidquam
318 814 376 862 opus
389 799 418 846 sit
432 800 515 857 verbis,
526 815 579 846 nnn
598 816 626 847 ee
639 815 683 859 res,
700 803 767 863 mjua

96 861 165 908 canisi
183 864 253 909 verbe
271 863 366 924 quesite
383 864 436 924 sint,
458 863 619 926 intelligam?
640 865 702 923 Quae
718 865 766 924 lex,

97 925 159 988 quod
169 928 411 985 senatus-musculum,
422 928 486 992 quod
499 927 645 990 magistratus
655 929 765 989 edictum,

96 989 158 1052 quod
169 989 253 1049 foedus,
264 999 305 1037 eut
315 991 398 1054 paceo,
407 991 470 1054 quod
476 995 513 1044 (ut
520 992 550 1038 ad
560 991 659 1055 privates
670 1008 705 1039 res
715 994 766 1040 red.

96 1063 157 1113 eam)
173 1063 351 1111 testamentum
372 1072 424 1118 quae
441 1055 535 1116 judicie,
548 1063 589 1102 eut
601 1055 766 1118 stipulationes,

95 1130 135 1166 aut
145 1119 208 1182 pacti
218 1126 242 1164 et
253 1119 356 1167 conventi
366 1120 474 1178 fonnuls,
485 1134 531 1166 non
541 1119 653 1166 infinnari
662 1128 703 1167 aut
713 1135 767 1168 oon-

96 1183 149 1230 veIIi
159 1193 245 1246 potest,
256 1183 275 1230 si
285 1183 315 1230 ad
325 1185 394 1232 verba
404 1199 453 1231 rem
463 1183 581 1231 deflectere
591 1185 700 1240 velimus3
712 1200 766 1233 oon-

96 1247 174 1294 silium
186 1253 265 1293 autem
277 1261 356 1294 eonun
367 1249 408 1310 qui
418 1249 563 1310 scripserim,
574 1257 597 1295 et
611 1249 730 1309 rationem,
742 1259 766 1298 et

96 1311 264 1370 auctoritatem,
275 1312 450 1376 relinquamus?

127 1376 210 1422 Sermo
220 1376 370 1434 (mehercule)
379 1385 402 1424 et
411 1375 764 1440 familiarisetquofidianusnon

96 1440 227 1497 oohaerebia
239 1439 258 1486 si
268 1443 337 1487 verba
346 1441 406 1488 inter
416 1455 457 1487 nos
468 1441 641 1504 euwpubitnur.
658 1442 767 1507 Denique

96 1504 222 1566 Imperium
241 1504 391 1552 domesticum
406 1505 499 1552 nullum
514 1505 564 1563 erit,
577 1506 597 1552 si
611 1505 706 1553 servulis
722 1507 767 1554 hoc

96 1568 178 1614 nostris
196 1569 379 1627 concessemus,
392 1578 420 1616 ut
434 1569 464 1616 ad
481 1571 549 1617 verba
565 1569 631 1616 nobis
645 1569 765 1625 obediant3

96 1647 142 1678 non
152 1631 227 1690 adid,
242 1632 305 1694 quod
316 1649 345 1680 ex
358 1633 431 1680 verbis
443 1633 541 1695 intelligi
553 1633 633 1695 possit,
649 1635 766 1696 obtempe-

95 1705 152 1743 rent
175 1696 298 1759 Exemplis
315 1711 377 1745 nunc
388 1698 423 1744 uti
437 1697 541 1745 videficet
553 1697 612 1743 mihi
630 1711 719 1770 nqceese
733 1707 768 1745 est

94 1761 180 1808 harum
187 1775 264 1807 renam
272 1761 395 1809 omnium?
414 1763 469 1808 Non
475 1761 572 1809 occurrit
582 1761 707 1824 unicunque
717 1778 766 1810 ves·

95 1828 157 1871 trum
168 1823 233 1871 aliud
244 1825 283 1871 alii
293 1825 318 1870 in
328 1825 392 1873 omni
402 1841 485 1888 genere
495 1825 637 1888 amplum,
649 1827 711 1889 quod
722 1834 767 1874 tes-
794 1841 799 1844 ·

96 1889 194 1936 timonio
206 1889 243 1947 sit,
254 1903 300 1936 non
319 1905 348 1936 ex
361 1890 435 1938 verbis
452 1898 534 1952 aptum
547 1889 646 1951 pendere
660 1893 708 1951 jus,
726 1892 765 1940 sed

96 1954 167 2001 verba
176 1952 259 2000 servire
266 1953 388 2000 hominum
399 1954 498 2001 consiliis
508 1962 531 2001 et
541 1954 733 2003 auctoritatibus?

128 2016 218 2064 Omute
229 2028 252 2064 et
258 2017 346 2080 copiose
355 2019 384 2066 L.
394 2017 498 2076 Crassus,
504 2018 575 2065 homo
582 2019 651 2081 longe
658 2020 767 2083 eloquen-

95 2081 207 2139 tissimus,
226 2082 297 2144 paulo
309 2091 362 2129 ante
376 2097 448 2145 quem
462 2097 504 2130 nos
518 2082 542 2128 in
559 2082 636 2130 forum
651 2085 765 2141 venimus,

93 2145 183 2207 judicio
204 2145 362 2193 centumvitoli
378 2147 438 2194 hanc
454 2147 590 2194 sententiam
608 2147 725 2205 defendit3
743 2160 767 2195 et

95 2209 177 2269 faciles
193 2223 247 2258 cum
265 2214 343 2258 contra
360 2225 414 2258 eum
429 2210 620 2273 prudentissimus
637 2213 715 2271 homo,
734 2214 767 2270 Q.

97 2273 202 2334 Mucius,
214 2274 307 2333 diceres
317 2275 421 2337 probavit
429 2271 545 2334 omnibus,
556 2274 595 2322 Μ’
607 2275 714 2331 Ουτὶωη,
726 2276 767 2339 qui

96 2339 169 2386 heres
184 2338 302 2386 nsutunn
313 2347 370 2386 esset
384 2339 424 2397 ita,
446 2342 463 2368 “
474 2348 566 2387 mortuo
575 2349 683 2402 postumo
692 2339 767 2393 fflio‚”

95 2417 149 2450 cum
169 2402 231 2451 filius
251 2403 384 2455 nonmodo
400 2418 447 2450 non
465 2412 579 2461 moranus,
596 2404 637 2451 sed
653 2417 683 2449 ne
700 2408 768 2448 name

96 2467 191 2530 quidem
202 2475 268 2524 esset,
279 2467 393 2514 haeredem
408 2483 456 2515 esse
467 2474 579 2530 'oportere
596 2465 681 2524 Quid?
693 2463 769 2511 verbis

96 2531 150 2580 satis
161 2532 205 2580 linc
215 2540 309 2580 cautum
320 2535 384 2580 erat?
402 2531 506 2581 numme.
523 2532 586 2638 Qup
595 2545 632 2577 re·
646 2526 718 2589 igitur
729 2541 768 2572 vn-

531 2606 547 2638 u
