1850 2909
254 109 324 160 PRO
340 104 501 160 Munnun.
518 110 583 160 Cin.
593 109 633 166 37.
722 107 780 160 ’405

102 238 201 287 ‘venisse
209 257 216 289 a
228 240 268 288 aed
277 249 305 288 tu
312 240 469 316 impendendi
476 239 566 289 laberis.
583 239 636 303 Ego
642 239 705 304 quod
712 238 781 300 facio,

109 303 209 365 judices,
220 320 274 352 oum
285 306 391 354 amiutiae
398 305 562 368 dignitatisque
573 305 603 352 n.
615 304 723 352 Murena
728 319 782 368 gra-

111 367 147 414 tit
157 368 224 426 latio,
236 378 287 417 tum
294 371 411 434 mepacis,
419 370 469 428 otii,
476 368 609 428 eonmrdiae,
616 368 735 429 libertatis,
745 384 782 416 sa-

111 431 176 490 lun's,
187 432 240 481 vitae
252 433 352 498 denique
370 433 475 482 omnium
492 436 604 492 nostrisa,
621 431 689 480 causi
705 433 780 481 facere

111 495 263 562 clamentque
270 507 347 546 testor.
358 498 457 556 Audite,
466 499 543 546 audite
551 497 676 557 consulem,
682 497 780 559 judices,

108 558 170 607 nihil
179 561 255 610 dicam
266 563 418 626 arrogantius,
425 571 517 610 tantmn
527 561 612 620 dicam,
619 569 678 610 totos
689 561 737 609 dien
745 570 781 609 at-

111 638 159 686 que
168 634 245 674 noctes
258 626 288 674 de
297 642 322 674 re
334 625 428 690 publici
437 627 582 690 cogitantem.
600 626 655 674 Non
666 640 740 690 usque
754 637 782 673 eo

110 687 141 736 Ia.
150 687 251 738 Catilina
257 691 422 754 rempublicam
430 690 534 754 despexit
542 699 611 755 atque
617 689 745 748 contemsit,
752 699 780 738 ut

108 752 138 800 ei
148 754 222 816 oopii,
234 770 305 818 quam
315 770 392 803 secum
402 755 491 813 eduxit,
507 771 531 803 se
541 754 601 803 hanc
610 753 726 803 civitatem
736 769 781 817 opu

107 831 242 879 pressurum
253 819 408 868 arbibaretnr.
430 820 512 868 Latius
528 827 592 883 patet
609 819 672 866 illius
689 818 780 866 sceleris

107 882 222 945 contagio,
234 899 306 946 quam
315 884 439 948 quisquam
450 892 532 947 putat3
544 883 574 931 ad
584 884 662 947 plures
669 882 776 946 pertinet.

108 943 186 1004 Intus,
204 947 275 1007 intus,
291 948 397 1012 inquam,
416 956 451 996 est
465 963 539 1012 equus
549 947 683 1022 Trojanus3
700 962 778 1022 alquo
876 990 879 996 .

107 1023 240 1072 nunqnam,
252 1026 290 1059 me
300 1013 402 1072 consule,
413 1012 552 1060 dormientes
562 1010 731 1075 oppnmetnim.

140 1073 232 1132 Quietis
243 1091 257 1123 a
266 1089 314 1136 me,
320 1076 378 1139 quid
387 1093 429 1139 ego
438 1076 562 1124 Catilinam
568 1083 679 1123 metuam.
691 1075 715 1122 N
717 1074 775 1123 ihilt

107 1146 132 1186 et
149 1139 235 1200 curavi
247 1140 340 1204 nequis
354 1149 480 1188 metueret:
498 1139 538 1187 sed
551 1139 627 1204 copies
637 1139 708 1199 illius,
720 1155 778 1202 quaa

107 1203 148 1250 hic
163 1203 237 1262 video,
248 1203 300 1252 dico
316 1220 364 1252 esse
379 1205 528 1252 metiendae:
546 1219 588 1252 nec
601 1212 649 1251 tam
661 1203 778 1252 timendus

100 1274 142 1315 'est
152 1281 214 1315 nunc
224 1268 336 1316 exercitus
347 1269 376 1316 L.
388 1269 502 1326 Catilina,
513 1283 583 1332 quam
595 1267 643 1326 isti,
657 1268 698 1332 qui
709 1269 777 1317 illum

107 1331 478 1380 exercimmdesernissedicimtur.
486 1332 609 1380 Nonenim
616 1332 775 1380 deserueruntt

107 1393 158 1451 aed,
166 1396 196 1441 ab
206 1395 246 1443 illo
255 1397 280 1443 in
291 1397 388 1460 speculis
398 1406 468 1460 aque
477 1396 565 1444 insidiis
575 1397 656 1456 relicti,
667 1397 690 1443 in
702 1397 777 1459 capita

105 1464 176 1520 atque
183 1458 207 1505 in
214 1460 338 1509 cervicibus
344 1461 427 1508 nostris
434 1461 572 1508 restiterunt.
585 1461 620 1508 Hi
629 1469 651 1508 et
658 1461 775 1522 integrum

105 1523 231 1584 consulem,
247 1533 270 1572 et
279 1527 373 1590 bonnm¹
382 1525 553 1588 imperatorem,
564 1533 587 1572 et
597 1525 680 1572 naturi
696 1534 718 1572 et
728 1524 776 1572 for·

105 1586 234 1635 tunicum
251 1589 381 1652 reipublice
396 1591 470 1637 salute
487 1590 644 1650 conjunctum,
660 1588 728 1650 dejici
746 1589 776 1637 de

104 1651 169 1698 urbis
178 1653 292 1715 praesidio,
301 1653 361 1701 etde
371 1653 474 1702 eustadii
484 1653 589 1712 deitatis,
596 1653 675 1700 vestris
685 1660 776 1700 senten-

103 1714 151 1774 tiis,
162 1715 279 1764 deturbari
289 1718 377 1766 volunt.
393 1718 502 1777 Quorum
517 1732 559 1780 ego
569 1717 656 1767 lenum
670 1724 693 1764 et
703 1717 776 1766 auda·

103 1779 164 1827 ciam
174 1780 242 1841 rejeci
256 1782 281 1828 in
297 1781 396 1845 Campo,
413 1781 531 1830 debilitavi
546 1782 571 1828 in
581 1781 639 1841 foro,
651 1782 775 1844 comprensi

103 1844 175 1892 etiam
189 1844 252 1892 domi
262 1861 321 1894 meae
335 1863 404 1910 saepe,
418 1847 522 1908 jndioea3
539 1846 576 1893 bia
590 1861 631 1893 vos
646 1845 775 1894 sialterum

103 1907 222 1957 consulem
228 1910 431 1974 tradideritis‚plus
438 1911 514 1958 multo
522 1917 589 1958 erunt
596 1910 675 1958 vestiis
684 1918 776 1957 senten·

102 1972 227 2046 tiiaquam
235 1975 502 2038 suisgladiin,oonsecuti.
511 1975 596 2037 Magni
602 1974 703 2032 interest,
711 1975 775 2035 judi.

102 2037 260 2101 mlldquod
265 2038 401 2102 ego,mnltis
408 2038 599 2114 repugnantibus,
606 2038 774 2102 egiatqueper·

101 2101 157 2159 feci)
166 2117 214 2150 ease
224 2103 332 2152 Calendis
339 2105 357 2152 J
358 2103 478 2152 annaniin
484 2103 601 2166 republicis
607 2102 654 2151 duo
662 2103 773 2150 consules.

135 2166 215 2214 Nolite
224 2167 337 2227 arbitrari,
348 2167 500 2215 mediocribus
511 2167 618 2227 consiliis,
630 2173 672 2226 aut
682 2166 772 2214 usitatis

100 2228 152 2287 viis,
164 2239 205 2278 aut
216 2230 279 2294 [lege
295 2232 410 2296 improbi,
428 2240 469 2280 aut
484 2231 612 2294 perniciosi
628 2229 771 2294 largitione,]

100 2293 207 2342 auditum
214 2295 339 2358 aliqnando
347 2296 441 2360 aliquod
450 2297 541 2344 malum
552 2293 683 2358 reipublice
696 2291 772 2358 [que-

99 2357 770 2473 tlltsstutiltduttiunttuiu

204 2457 212 2482 i
500 2457 508 2482 i
760 2452 771 2465 '

99 2485 245 2550 atinguendi:
262 2498 333 2556 atque
342 2490 392 2537 haec
401 2489 470 2547 cives,
482 2489 550 2549 dves,
562 2489 667 2551 inquam,
685 2487 715 2552 (si
732 2503 770 2536 eoa

98 2551 144 2598 boa
153 2552 247 2599 nomine
260 2553 371 2618 appellari
382 2554 417 2602 fas
433 2551 479 2614 est)
494 2553 523 2601 de
537 2551 612 2617 patrii
623 2552 665 2600 eui
674 2561 697 2600 et
707 2553 769 2614 ongi-

96 2622 181 2664 tentet
189 2616 354 2682 mutuant.
377 2618 472 2667 Horum
491 2633 533 2683 ego
551 2615 656 2682 quotidie
668 2615 767 2666 conubis
