1850 2909
243 67 313 120 PRO
329 67 519 118 GLUENTIO.
534 67 600 118 cu.
616 68 641 118 ⁶-
733 67 779 122 167

106 196 113 208 ”
220 211 268 244 esse
289 197 411 261 cupiebntt
433 197 459 246 in
477 196 549 259 hujus
569 195 722 244 moranni
741 197 779 244 sni

103 211 301 373 ffltpunibns
312 271 335 310 et
344 262 441 326 gremio,
459 277 556 312 moerore
568 270 593 310 et
605 261 714 324 lacrymis
723 275 778 310 oon-

103 341 196 374 senesce
213 335 244 373 st.

133 389 196 438 Ecoe
213 399 292 438 autem
308 391 412 440 subitum
428 390 570 446 divortium
588 389 652 454 qnod
669 389 778 438 solatium

103 455 221 502 mulorum
229 455 335 504 omnium
345 456 394 504 fore
402 455 531 504 videbatur.
546 455 653 504 Discedit
663 469 678 502 ιι
687 454 780 502 Melino

103 519 230 576 Clusmim
250 519 319 567 utin
338 521 407 569 tantis
425 520 526 582 injuriis,
543 532 591 568 non
608 519 700 574 invitet
718 526 746 566 nt
763 534 780 566 e

102 583 161 642 viro,
181 598 229 632 non
243 583 348 632 libenter.
365 585 429 634 Tum
444 600 499 633 vero
512 585 554 632 ills
569 584 661 648 egregie
676 599 704 631 ec
717 599 778 646 prte-

101 648 166 696 clsra
175 656 249 696 muter
258 649 337 712 palam
355 650 471 698 exsultare
484 649 574 706 latitii,
591 665 619 698 ec
634 648 781 711 triumphare

101 712 197 776 gaudio,
216 713 292 776 coepit,
312 715 394 762 victrix
412 713 476 772 filie,
494 729 542 762 non
558 714 669 762 libidinis.
694 713 780 776 lteqne

103 777 192 824 diutius
203 778 370 841 suspicionibus
382 779 485 827 obscuris
494 778 549 826 ledi
558 779 647 826 omnm
657 793 724 826 strom
736 792 778 824 no-

101 841 165 889 luit:
182 841 270 890 lectum
285 842 354 890 illum
370 843 494 906 genialem,
511 858 592 906 quern,
607 842 701 890 biennio
714 850 777 898 utto,

102 905 159 953 filie
181 921 229 954 suae
246 907 343 954 nubenti
359 916 478 966 straverat,
497 907 523 954 in
542 907 624 954 elidem
641 906 713 954 domn
733 906 778 953 sibi

102 969 182 1018 ornari
193 978 216 1018 et
226 971 305 1029 sterni,
317 972 414 1035 expulsi
424 980 495 1035 etque
503 970 626 1020 exturbati
636 970 692 1028 filit,
703 972 778 1032 jubet.

103 1033 183 1083 Nubit
193 1050 277 1098 genero
287 1051 372 1092 socrus,
383 1035 455 1084 nullis
465 1036 607 1100 auspicibus,
618 1035 690 1082 nullis
699 1042 779 1083 sueto·

103 1099 178 1158 ribus,
187 1099 284 1148 funestis
294 1097 527 1160 ominibiloomnium
538 1098 681 1164 [omnibus]

138 1163 186 1212 VI.
211 1163 235 1213 0
256 1165 360 1212 mulieris
381 1165 453 1214 scelus
474 1164 616 1224 incredibile,
638 1172 670 1221 et,
697 1171 781 1227 preter

104 1227 167 1277 banc
183 1242 265 1288 unam,
283 1229 308 1276 in
322 1229 386 1276 omni
400 1230 448 1279 riti
462 1229 612 1278 insudimm!
630 1228 780 1277 olibidinern

106 1292 243 1342 effrenuum
254 1302 277 1341 et
287 1293 423 1342 indomitam
434 1295 440 1342 !
452 1311 474 1342 ,ο
484 1294 605 1342 andedum
621 1292 779 1356 singularem!

104 1372 152 1404 non
167 1357 280 1416 timuisse,
297 1359 317 1406 si
330 1359 409 1407 minus
419 1359 468 1407 vim
482 1359 597 1418 Deorum,
609 1359 781 1420 bominumque

106 1421 204 1480 lumem,
216 1431 241 1470 st
251 1423 317 1470 illurn
327 1423 403 1486 ipsam
417 1432 518 1482 noctem,
534 1424 641 1486 facesque
656 1423 708 1470 illss
718 1437 780 1484 nup·

106 1487 194 1535 tinles?
211 1502 257 1534 non
268 1488 340 1535 limen
351 1487 471 1536 cubiculi?
488 1503 535 1536 non
551 1487 627 1535 cubile
641 1488 715 1534 filine?
732 1500 779 1533 non

103 1551 202 1616 parietes
210 1551 309 1615 denique
318 1552 388 1616 ipsos,
398 1553 543 1615 superiorum
550 1561 618 1599 testes
625 1550 779 1614 nuptiarum?

105 1616 221 1680 Perfregit
237 1632 263 1664 ec
274 1616 397 1680 prostravit
410 1617 489 1664 omnis
504 1617 629 1679 mpiditote
643 1631 670 1662 ac
685 1615 779 1662 fureret

107 1681 163 1730 vicit
176 1681 293 1794 ppdorem
311 1680 393 1741 libido,
412 1681 521 1730 timorem
540 1680 645 1738 audacis,
666 1678 780 1726 redon:

105 1760 174 1794 emen
210 1781 215 1792 .

143 1811 212 1858 Tulit
221 1810 265 1860 hoc
276 1825 400 1860 commune
410 1810 510 1859 dedecus
518 1810 569 1872 jam
582 1808 687 1867 itmilie,
698 1821 782 1870 vogn·-
856 1831 865 1838 ⁴

108 1874 186 1932 tionis,
208 1876 317 1936 nominis,
338 1875 438 1940 graviter
456 1875 536 1922 filius:
560 1876 688 1937 urgebatur
702 1881 782 1920 sutem

99 1939 160 2001 ¹ejus
170 1941 273 1988 molestis
281 1939 421 2004 quotidianis
431 1939 581 2002 querimoniis
591 1947 615 1987 et
625 1937 717 1986 assiduo
726 1937 783 1985 fletu

110 2004 207 2052 sororis:
225 2005 306 2053 statuit
316 2014 404 2062 temen,
418 2003 478 2052 nihil
493 2003 547 2063 sibi,
563 2003 589 2052 in
605 2002 675 2052 tontis
691 2003 783 2064 injtniis

112 2083 140 2116 sc
151 2077 214 2116 terito
224 2069 308 2117 scelere
318 2069 406 2128 metris,
418 2068 512 2132 gravius
520 2068 661 2125 iaciendum,
672 2082 744 2131 quem
755 2076 784 2114 nt

110 2133 153 2182 ills
163 2141 237 2180 matre
247 2149 277 2182 ne
284 2143 386 2181 uteretur
394 2150 401 2190 ;
419 2149 456 2192 ne,
464 2149 536 2197 quem
544 2133 622 2181 videre
629 2133 679 2180 sine
688 2147 782 2180 summo

110 2196 183 2247 mimi
194 2197 271 2245 dolore
281 2212 328 2245 non
338 2207 435 2262 poterstp
447 2199 476 2246 eis
491 2198 512 2246 si
525 2208 600 2246 matre
611 2205 724 2255 uteretur,
735 2211 783 2243 non

108 2263 185 2314 solum
201 2261 286 2323 vidue,
298 2261 338 2312 sed
352 2261 422 2312 etiarn
438 2263 535 2327 probare
550 2278 593 2311 stro
606 2262 702 2324 juditio,
713 2264 783 2324 p'uts·

108 2337 179 2378 retur.

142 2390 240 2440 Initium
254 2391 318 2455 qnod
334 2392 389 2442 huie
407 2405 460 2442 eum
480 2400 554 2440 mette
568 2390 639 2438 buerit
649 2387 782 2446 simultatis,

111 2453 215 2508 audistis.
232 2456 373 2506 Pertinuisse
382 2457 426 2506 hoc
437 2457 467 2505 sd
481 2469 583 2512 esuum,
598 2463 665 2512 tune,
677 2468 733 2502 cnm
746 2467 784 2499 re·

110 2525 176 2588 liqna
191 2521 350 2584 cognoveritis,
365 2521 512 2585 intelligetis:
535 2533 591 2568 nem
605 2518 666 2566 fllud
681 2532 720 2591 me
735 2531 783 2592 non

110 2584 221 2655 praeterit,
232 2586 462 2651 cujusmodicumque
472 2593 547 2634 meter
556 2583 596 2642 stt,
607 2590 694 2642 unm,
708 2595 734 2628 ιιι
743 2595 784 2643 Ju-
