1850 2909
138 77 184 130 176
264 75 334 126 PRO
351 76 540 126 causatio.
556 77 621 126 Gar.
635 79 672 126 ll.

111 206 114 221 '
135 205 196 252 tium
204 205 324 264 dictitaret,
336 221 442 270 nuperae
452 215 476 254 et
485 221 539 256 saca
548 207 634 254 amicos
640 213 808 256 testamentum

136 270 186 330 ejus
201 270 350 332 obsignisse3
368 271 444 318 lilierti
462 270 550 330 Asinii,
562 272 708 319 etnonnulli
726 273 809 330 amici,

136 334 208 396 quod,
227 350 254 382 eo
271 335 308 382 die
325 351 372 402 quo
390 343 533 398 postremum
551 335 646 383 Asinius
664 337 727 384 visus
747 346 809 394 mat,

137 399 243 446 Avilium
254 415 308 448 cum
319 417 346 448 eo
356 399 433 457 fuisse,
443 409 466 447 et
479 415 495 446 a
504 400 585 448 multis
593 400 672 447 visum
682 416 738 461 ease,
750 416 809 448 rnn-

137 465 228 520 stabat3
246 464 270 510 in
286 480 341 512 eum
356 463 485 521 invadunt;
502 474 526 513 et
534 464 653 513 hominem
671 474 725 513 ants
738 465 812 528 pedes

138 526 170 585 Q.
183 528 286 586 Manilii,
298 529 400 592 quitum
412 543 460 576 erac
470 529 584 587 triumvir,
596 528 745 579 constituunt.
763 530 811 576 At-

138 608 184 656 que
195 593 234 640 ille
244 595 360 652 continuo,
372 592 437 640 nullo
453 601 519 653 teste,
534 593 600 640 nullo
615 593 699 653 indice,
714 595 812 642 recentis

139 657 246 705 maleficii
264 657 401 706 conscientiis
423 659 564 722 praterritus,
586 657 673 717 omnia,
690 668 752 706 uta
771 674 813 706 me

139 723 211 784 paulo
221 730 274 770 ante
291 723 351 770 dicta
365 729 427 782 sunt,
444 723 554 785 exponite
568 721 727 787 Asiniumque
736 725 768 772 ab
777 738 813 783 se,

141 786 236 834 consilio
246 785 379 850 Oppianici,
391 786 536 834 interfectum
546 786 639 834 iatemr.

174 849 312 898 Extrahitur
327 851 396 898 domo
411 851 506 900 latitans
515 849 659 914 Oppianicus
669 867 684 899 a
693 850 812 899 Manilius

141 913 212 964 index
222 915 317 963 Avilius
331 931 361 962 ex
377 915 449 964 altori
463 923 528 978 parte
546 930 623 964 coram
640 923 738 964 tenum.
763 915 815 964 llic

141 981 192 1041 J'am
203 979 260 1044 quid
274 979 363 1044 reliqua
373 980 494 1042 quaeritis?
511 980 639 1028 Manilium
654 980 759 1043 plerique
770 982 815 1028 nd-

143 1045 206 1092 ratis.
222 1045 278 1092 Non
292 1045 332 1093 ille
347 1045 457 1092 honorem
472 1061 487 1092 a
502 1044 609 1107 pueritiis,
622 1060 669 1092 non
680 1045 757 1092 studia
766 1044 814 1092 vir-

143 1109 208 1168 tutis,
219 1125 267 1156 non
283 1109 359 1156 ulltun
375 1108 550 1158 existimationis
565 1111 632 1157 bonta
646 1109 757 1168 fructum,
768 1123 815 1156 un-

143 1188 217 1236 quam
235 1173 359 1236 ccgitairatt
377 1172 425 1231 sed,
443 1189 473 1222 ex
491 1173 606 1236 petulanti
621 1182 692 1236 atque
707 1173 816 1236 improbo

145 1237 231 1296 acutri,
242 1237 267 1284 in
277 1237 394 1286 discordiis
404 1237 510 1295 civitatis,
521 1237 551 1284 ad
567 1253 618 1294 eam
632 1239 774 1296 columnam,
785 1237 818 1286 ad

145 1317 217 1364 quam
233 1301 361 1348 multorum
372 1317 431 1364 sape
441 1302 547 1350 εουνὶοίἱε
562 1301 685 1366 perductus
695 1312 751 1361 erat,
763 1311 818 1349 nim

146 1365 260 1439 suffragiis
276 1367 357 1440 populi
371 1375 511 1429 pervenerat.
535 1365 677 1430 Itaquerem
694 1381 748 1414 cum
764 1366 817 1430 Op-

66 1435 69 1444 '
147 1431 237 1494 punico
252 1431 370 1493 transigit:
388 1432 512 1494 pecuniam
521 1433 552 1480 ab
562 1447 589 1480 eo
597 1430 693 1494 accipit:
712 1445 816 1489 causam,

149 1506 172 1542 et
182 1506 311 1558 susceptam
322 1505 344 1543 et
354 1495 510 1555 manifestam,
526 1495 641 1570 relinquit.
666 1496 706 1544 Ac
719 1504 781 1553 tum,
791 1495 819 1542 in

147 1559 273 1624 Oppianici
283 1560 359 1618 causi,
371 1560 456 1607 crimen
472 1561 517 1608 hoc
531 1559 672 1608 Asinianum
689 1574 744 1607 cum
754 1559 820 1607 tecti-

147 1625 192 1682 bus
199 1625 288 1684 multis‚
300 1633 352 1671 tum
362 1639 415 1672 vero
425 1623 510 1672 indicio
525 1622 608 1682 Aviti,
618 1625 775 1687 probabamus
791 1623 819 1672 in

148 1704 204 1752 quo,
215 1689 275 1736 inter
290 1687 407 1751 allegatas,
423 1688 547 1751 Oppianici
562 1703 647 1736 nomen
657 1689 762 1752 primum
771 1703 822 1738 ease

147 1756 273 1811 constabat,
286 1754 344 1814 ejus,
356 1768 426 1816 quem
437 1769 486 1813 vos,
496 1753 608 1800 ntiaerum
623 1761 694 1816 atque
708 1753 818 1802 innocen·

149 1827 205 1875 tem,
217 1817 274 1866 falso
282 1816 369 1877 judicio
380 1816 561 1866 circumventum
572 1833 620 1866 esse
630 1817 712 1865 dicitis

180 1881 254 1930 XIV.
270 1879 354 1940 Quid?
371 1881 447 1928 aviam
463 1890 538 1940 nram,
552 1881 690 1945 Oppianice,
705 1881 819 1942 Dineam,

45 1973 48 1982 v
148 1947 188 1996 cui
198 1955 224 1994 tu
237 1943 350 2006 eshaeres,
367 1954 431 2008 pater
445 1953 501 1994 tuus
515 1961 563 1994 non
578 1946 700 1994 manifesto
710 1947 819 1996 necant?

148 2011 179 2060 ad
189 2025 261 2074 quam
271 2025 325 2057 cum
333 2009 467 2058 adduxisset
475 2010 593 2058 medicum
602 2010 671 2058 illum
682 2026 761 2069 suum,
767 2013 820 2072 iam

148 2075 276 2140 cognitum,
287 2082 310 2121 et
320 2089 379 2138 sapa
393 2073 511 2133 victorem,
525 2072 578 2139 [per
592 2091 663 2138 quem
674 2075 820 2127 interfecerat

149 2140 283 2208 plurimos]
299 2139 385 2186 mulier
395 2141 517 2199 exclamat,
535 2155 559 2186 se
576 2141 606 2187 ab
620 2155 648 2187 eo
666 2139 821 2188 nullomodo

151 2207 209 2255 velle
228 2203 310 2262 curari,
348 2218 379 2250 uo
398 2213 492 2252 curante
510 2220 563 2252 suos
581 2219 662 2252 omnes
677 2204 821 2267 perdidisset.

149 2271 215 2320 Tum
226 2277 318 2332 repente
329 2219 503 2316 iinoonitanum
513 2268 648 2331 quemdam,
659 2269 690 2316 L.
700 2268 821 2328 Clodium,

148 2331 351 2400 phannacopolam
362 2331 577 2392 circumforaneum,
588 2333 630 2396 qui
644 2349 699 2381 casu
708 2341 760 2380 tum
772 2334 822 2383 laa-

147 2399 226 2452 rinum
237 2397 342 2455 venisset,
357 2397 497 2458 aggreditur,
509 2406 533 2444 et
546 2412 601 2445 cum
616 2413 644 2446 eo
655 2398 698 2446 HS
709 2397 822 2460 quadrin-

53 2494 57 2503 .
147 2465 223 2530 gentis
235 2461 279 2526 (id,
296 2459 359 2524 quod
373 2460 444 2524 ipsius
458 2460 544 2508 tabulis
558 2470 611 2509 tum
626 2470 660 2510 est
677 2462 821 2510 demonstra·

152 2527 215 2588 tum)
227 2525 339 2588 transigit.
356 2521 385 2572 L.
398 2523 504 2584 Clodius,
519 2525 561 2588 qui
573 2535 714 2590 properaret,
725 2526 764 2576 cui
773 2527 826 2583 fora

151 2593 227 2654 multa
243 2597 361 2647 restarent,
379 2587 449 2638 amul
467 2596 537 2653 atque
553 2590 697 2641 introductus
711 2601 754 2651 ert,
773 2607 824 2650 rem
