1850 2909
214 37 284 90 PRO
300 39 392 90 LEGE
407 39 575 90 MANILIA.
591 40 658 90 Car.
674 41 715 90 2³.
751 41 804 96 llll

126 168 170 216 tris
179 169 353 232 magistratibus
369 169 511 246 religiosum,
525 185 597 233 quum
611 169 726 218 civitaten
737 185 803 219 sanc·

126 241 185 292 tam,
195 249 266 296 quam
274 235 371 282 domurn
379 244 433 282 sans
442 236 545 284 clausam
552 250 580 282 sc
587 234 702 282 munitam
711 233 801 284 fuisse?

124 297 204 346 Urbes
212 300 262 359 jam
272 299 397 362 locupletes
406 315 433 347 ac
441 298 539 363 copiose
549 299 706 361 requiruntur,
715 298 801 361 quibus

124 377 195 410 causa
206 363 270 422 belli,
281 372 374 428 propter
382 363 506 428 diripiendi
513 363 672 427 cupiditatem,
681 362 800 411 inferatur.

123 425 237 474 Libenter
247 427 296 476 hoec
306 443 383 476 eorum
392 443 446 476 cum
458 428 490 487 Q.
504 426 588 477 Catulo
600 428 663 486 etQ.
675 427 800 475 Hortensio

121 491 275 554 disputarem,
293 493 392 542 summis
410 501 433 540 et
450 491 581 540 clarissimis
595 492 657 539 viris.
676 491 800 539 Noverunt

121 555 185 603 enim
197 555 310 614 todorum
321 557 431 604 vulnerat
449 556 530 604 vident
544 571 624 604 eorum
640 556 796 605 calamitates:

122 620 279 682 querimonias
290 620 395 668 audiunt
413 621 582 669 Prosociisvos
588 631 667 668 contra
673 621 750 668 hostes
756 635 798 667 ex-

119 684 218 732 ercitum
237 687 328 732 mittere
348 687 443 748 putatis,
461 700 501 744 an,
521 685 622 733 hostium
640 684 796 744 simulatione,

120 757 202 796 oontra
209 749 280 798 socios
291 755 360 812 atipue
366 750 472 798 micon?
489 750 551 810 Qun
559 749 638 797 civitas
648 761 683 798 est
692 749 716 797 in
728 749 795 809 Asit,

117 813 740 942 tillll⁰lltttlttll5⁸tbtffiit
754 813 795 862 n.

151 942 255 990 xxrrr.
272 911 795 1007 Q’uare,enamsiqueu1habensqutoolla.

117 1007 151 1054 tis
159 1007 240 1070 signis,
252 1007 365 1055 exercitus
382 1008 457 1070 regios
474 1023 581 1071 superare
593 1022 660 1070 posse
671 1007 792 1063 videntum

117 1079 207 1131 tamen,
215 1071 259 1118 nisi
271 1071 314 1120 erit
321 1071 392 1130 idem,
401 1073 442 1135 qui
453 1088 478 1120 se
488 1089 503 1120 a
512 1071 615 1136 poeunfls
623 1071 745 1128 sociorum,
753 1072 795 1134 qui

118 1137 149 1184 ab
157 1151 238 1184 eorum
248 1136 385 1199 conjugibus
393 1151 420 1184 sc
430 1136 517 1194 liberis,
525 1136 567 1200 qui
574 1137 604 1183 ab
613 1135 753 1183 ornamentis
757 1135 794 1183 fa·

117 1215 203 1248 notum
214 1209 284 1264 atque
295 1200 441 1264 oppidorum,
449 1201 491 1265 qui
501 1203 532 1249 ab
540 1217 596 1248 auro
606 1200 709 1264 gazique
719 1201 791 1264 regii,

117 1277 211 1323 menas,
226 1265 313 1324 oculos,
329 1265 444 1322 animum,
461 1266 567 1313 oohibere
580 1266 668 1329 possit,
685 1280 733 1312 non
749 1266 793 1312 erit

117 1329 222 1388 idonens,
234 1329 276 1393 qui
286 1329 316 1376 ad
327 1330 415 1378 bellum
427 1329 556 1378 Asiaticum
567 1329 703 1393 regiumque
713 1330 792 1376 mitta-

118 1401 164 1441 tur.
181 1393 288 1458 quusrn
299 1394 386 1458 putatis
396 1394 513 1442 civitatem
528 1403 634 1458 pacatam
646 1393 726 1450 fuisse,
738 1410 792 1456 qua·

117 1459 220 1522 locuples
231 1459 281 1506 sit?
298 1473 394 1522 ecquam
406 1474 454 1506 esso
468 1459 615 1521 locupletem,
627 1474 680 1520 qun
690 1458 738 1505 isn's
749 1473 791 1520 pu-

117 1531 223 1571 oatsesse
232 1523 349 1571 videatur?
361 1523 412 1571 Ora
419 1523 544 1580 maritima,
550 1521 661 1580 Quirites,
666 1522 710 1568 Cn.
718 1522 791 1569 Pom-

117 1589 209 1652 peium,
219 1603 266 1636 non
277 1589 352 1636 solum
364 1595 456 1652 propter
467 1588 500 1634 rei
514 1585 620 1634 militaris
633 1585 739 1646 gloriam,
751 1585 790 1632 sed

117 1653 187 1700 etiam
199 1661 291 1716 propter
307 1652 379 1699 animi
390 1651 563 1709 continentiam,
574 1649 700 1713 requisivit.
717 1649 790 1697 Vide-

117 1719 158 1766 bat
164 1718 225 1764 enim
233 1718 347 1780 populum
352 1717 487 1764 Romanum
494 1731 541 1762 non
549 1713 683 1777 locupletari
691 1723 790 1777 quotan-

116 1782 152 1830 nis
162 1782 261 1846 pecunib
272 1781 374 1844 publicis,
382 1789 464 1844 praeter
471 1795 569 1844 paucos3
586 1793 662 1841 neque
670 1792 712 1826 nos
720 1779 789 1842 quid-

116 1863 188 1912 quam
199 1845 363 1910 aliud'assequi
376 1845 484 1892 classium
498 1843 601 1901 nomine,
617 1842 661 1889 nisi
671 1852 706 1903 ut,
719 1843 788 1892 detti.

113 1909 501 1974 mentisaccipiendis,majoreaffici
506 1907 789 1971 turpitudinevideremur.

113 1976 195 2033 Nunc,
207 1976 254 2038 qui
265 1975 391 2038 cupiditate
401 1973 507 2021 homines
517 1973 542 2020 in
552 1972 688 2036 provincias,
699 1975 786 2037 quibus

111 2041 215 2105 jamnis,
223 2040 308 2104 quibus
318 2038 485 2086 conditionibus
493 2037 672 2101 proficiscantur,
679 2037 788 2101 ignorant

112 2106 218 2154 videlicet
228 2105 275 2161 isti,
285 2103 327 2168 qui
337 2103 367 2150 ad
378 2117 453 2150 unum
464 2101 587 2150 deferenda
597 2117 645 2149 esse
652 2102 786 2150 omnienon

113 2170 274 2219 arbitrantur?
292 2167 359 2231 quusi
375 2183 427 2215 vero
441 2167 487 2214 Cn.
504 2166 643 2230 Pompeium
657 2181 713 2224 nou,
731 2180 786 2214 cum

113 2235 161 2284 suis
171 2233 303 2292 virtutibus,
312 2241 363 2280 tum
371 2232 440 2279 etiam
447 2231 527 2279 alicnis
534 2231 603 2292 vitiis,
615 2246 728 2294 magnum
739 2245 787 2277 esse

109 2301 237 2349 videamus.
338 2305 341 2316 '

145 2363 234 2424 Quare,
256 2362 327 2410 nolite
348 2361 461 2419 dubitare,
482 2361 540 2425 quin
558 2359 613 2407 huic
630 2358 672 2406 uni
689 2356 785 2405 credatis

111 2429 198 2489 omnia,
211 2427 252 2491 qui
269 2427 328 2474 inter
342 2441 414 2474 annos
430 2435 466 2474 tot
476 2441 537 2473 unus
547 2425 655 2472 inventus
664 2423 702 2481 sit,
711 2435 784 2484 quem

109 2494 165 2543 socii
182 2494 293 2540 inurbes
308 2507 361 2539 suas
376 2506 429 2540 curn
445 2489 548 2538 exercitu
559 2487 646 2545 renim
661 2485 784 2548 gaudeant.

143 2555 235 2622 (Orat.)
247 2569 311 2605 von.
323 2569 356 2604 rr.
604 2563 620 2596 1¹
