1850 2909
363 459 502 512 ORATIO
517 460 590 510 xlv.

218 720 297 780 PRO
318 721 355 780 A.
376 717 582 780 CLUENTIO
603 716 738 776 AVl'lO.

426 897 518 941 ψ

342 1037 609 1092 ARGUMENTUM.

139 1171 236 1220 Snssu
242 1170 358 1234 quedam,
366 1171 470 1220 Cluentii
480 1181 562 1231 meter,
570 1167 671 1234 improbi
680 1167 766 1216 mulier
774 1168 811 1215 in-

140 1235 211 1298 genii,
226 1235 330 1283 libidinis
348 1236 472 1296 effrmntae,
554 1236 621 1284 binns
635 1233 737 1298 nuptias,
750 1247 812 1280 unns

139 1299 212 1362 putris
224 1299 335 1358 Cluentii,
346 1300 428 1349 alienus
439 1300 471 1349 A.
507 1301 552 1350 unii
567 1298 660 1356 Melini,
675 1297 753 1361 geneii
764 1297 810 1356 sui,

140 1379 212 1427 quem
231 1379 284 1412 eum
301 1363 349 1410 filis
365 1364 490 1414 divortium
504 1366 577 1414 fucere
595 1363 677 1426 noegit,
693 1370 811 1425 postremo

141 1428 221 1492 nupsit
238 1428 311 1478 suno
326 1429 397 1476 Albio
411 1429 550 1493 Oppianico,
562 1429 604 1492 qui
616 1427 743 1486 Melinum,
758 1427 811 1488 ejus

141 1491 227 1552 virum,
247 1493 364 1540 occiderat.
382 1493 430 1542 Hie
445 1511 500 1542 cum
515 1493 659 1556 intelligeret,
673 1491 810 1540 Cluentium

140 1557 246 1604 nondum
261 1565 422 1605 testamentum
438 1558 526 1618 fecisse,
544 1573 617 1622 enque
629 1566 730 1614 mortuo,
747 1557 811 1602 bons

140 1621 191 1680 ejus
199 1621 278 1668 omnis
287 1621 318 1668 ud
328 1630 426 1669 matrem
437 1639 486 1670 esse
495 1631 600 1681 venturu,
615 1621 720 1669 incensus
736 1618 811 1666 avari-

140 1684 181 1743 til,
191 1699 278 1732 veneno
289 1701 343 1732 eum
352 1686 430 1734 tollere
438 1687 545 1735 decrevit.
560 1687 599 1735 Ee
606 1701 631 1734 re
641 1684 741 1748 cogisti,
750 1682 810 1730 duo·

139 1749 230 1811 busque
237 1749 379 1824 praejudiciis¹
384 1751 433 1811 jam
444 1751 549 1815 probuti,
560 1751 663 1815 primum
674 1746 811 1798 Scamandri

38 1837 40 1844 1
140 1812 396 1873 dumnefionucujussn
404 1816 633 1864 manibusvsnenum
641 1813 811 1878 deprehensum

138 1875 223 1935 inierat,
234 1877 317 1924 deinde
325 1875 354 1926 Ο.
367 1878 476 1939 Fabricii,
487 1881 528 1943 qui
540 1879 742 1943 cleophantiiquo
750 1876 811 1925 Clu-

140 1939 216 1988 entius
222 1940 311 1992 medius
321 1941 438 2001 utebatur)
450 1959 541 1992 servum
551 1944 689 2006 Diogenem,
700 1942 730 1989 ud
741 1955 810 1988 vene-

138 2004 677 2072 numdandum,speetpraemiosollieituverat;
695 2005 812 2068 Oppiani-

139 2084 194 2116 cum
206 2069 327 2118 Cluentius
338 2071 366 2118 de
374 2072 483 2120 veneficio
493 2072 621 2120 accusavit:
633 2071 674 2136 qni
681 2085 735 2118 cum
743 2069 811 2117 diun-

139 2141 208 2181 nstus
219 2141 285 2194 esset,
297 2134 400 2184 defensor
410 2136 544 2200 Oppianici,
556 2137 586 2185 L.
597 2135 718 2195 Quintius,
735 2135 811 2182 tribn-

138 2212 183 2244 nus
194 2197 276 2261 plebis,
290 2200 428 2263 quotidianis
444 2201 591 2249 concionibus
601 2216 651 2248 rem
661 2200 686 2246 in
695 2199 810 2246 invidiam

138 2261 245 2322 adduxit,
256 2279 310 2311 cnm
320 2264 412 2324 diceret,
424 2264 546 2329 pecuniam
556 2265 580 2312 in
595 2264 683 2326 judicio
695 2279 744 2311 esse
758 2279 810 2311 ver·

139 2335 220 2374 sutum.
237 2327 278 2386 Et,
286 2343 339 2374 cum
346 2328 458 2376 incertum
466 2338 532 2386 esset,
540 2329 608 2392 aqui
615 2337 680 2392 pune
687 2336 747 2375 esset
753 2343 809 2390 prn-

138 2389 213 2445 leetsz
230 2391 330 2453 populus
339 2392 460 2439 Romanus
471 2407 518 2439 non
526 2393 629 2453 credidit,
638 2395 667 2440 ab
676 2391 809 2455 oppianioo

137 2452 227 2511 datam,
236 2453 292 2516 quin
301 2454 424 2502 damnatus
433 2463 492 2503 erat:
512 2465 543 2515 et,
553 2472 627 2504 errore
632 2457 772 2515 mulsorum,
781 2457 808 2503 in

137 2515 196 2562 falso
212 2516 307 2563 crimine
322 2517 444 2565 Cluentius
459 2519 520 2575 fuit3
544 2535 598 2567 cum
617 2519 761 2583 Oppianicus
777 2521 806 2569 Ο.

138 2577 204 2627 AElio
218 2580 312 2628 Staieno
326 2581 373 2630 Dc
386 2581 461 2632 millis
471 2583 524 2641 Hs,
541 2599 584 2647 pro
594 2599 692 2633 numeru
699 2584 808 2646 judicum
