1850 2909
141 81 186 128 124
284 79 353 131 PRO
370 79 519 132 cAEclnn.
536 84 601 132 Cin.
616 83 655 133 29.

134 216 177 266 est,
188 206 286 272 dignum
297 217 362 270 esset,
374 211 472 268 ostendi,
487 211 512 258 id
523 227 612 272 rerum,
628 211 653 260 id
663 226 766 275 equum,
776 207 803 258 id

133 271 191 319 utile
201 273 308 320 omnibus
316 289 372 333 ene,
381 276 486 337 spectari,
498 290 545 340 quo
555 277 648 324 oonsilio
659 285 682 324 et
692 275 740 339 qui
751 291 804 323 sen-

134 336 215 394 tentiis,
230 351 286 398 non,
297 339 381 400 quibus
391 339 495 402 quidque
503 341 578 388 verbis
593 349 650 388 met
660 349 745 388 ectum.
762 339 805 386 Tu

133 413 172 448 me
182 401 212 448 ed
222 404 318 449 verbum
329 406 413 450 voees?
432 404 487 451 Non
498 412 552 452 ente
561 405 636 462 renio,
652 419 723 468 quum
738 418 804 452 recu·

134 464 192 512 siro.
210 465 235 512 N
236 481 278 529 ego
288 475 398 529 oportere,
408 481 467 530 nego
474 468 571 516 obtineri
579 485 653 532 posse,
662 483 721 531 nego
728 468 803 514 ulium

133 541 183 576 rem
193 543 249 589 esse,
262 539 360 604 queant
371 531 533 594 comprehendi
543 533 605 591 sens,
617 541 657 580 cut
667 531 749 589 cereri,
761 541 803 578 eut

133 593 208 666 eneipi
218 601 298 656 possit,
310 594 338 652 si,
350 603 391 642 sut
401 595 515 658 preterito
523 597 601 659 aliquo
611 599 688 654 verbo,
700 603 741 643 aut
751 610 803 642 em·

133 657 202 719 brgue
212 658 295 720 posito,
311 659 422 706 sententie
437 671 460 707 et
474 675 500 706 re
513 661 613 723 cogniti,
627 675 675 708 non
689 660 723 719 id,
738 659 803 722 quod

133 719 276 784 intelligitur,
288 722 328 768 sed
338 721 370 780 iu,
382 723 445 785 quod
451 723 541 781 dicitur,
553 724 643 772 valebit

167 785 264 832 XXIX.
273 786 391 844 Quoniam
400 787 454 834 satis
460 788 569 846 recusavi,
579 789 645 836 venio
651 790 701 849 jem
707 803 754 850 quo
760 803 801 834 vo-

134 861 179 895 cer.
196 849 282 907 Quaero
291 851 332 896 abs
341 858 371 908 te,
379 850 452 898 simne
458 851 567 912 dejectus,
575 867 621 899 non
628 853 657 899 de
664 853 802 899 Fulciniano

133 911 218 959 fund0=
237 913 378 976 nequeenim
389 923 481 977 pretor,
491 916 512 962 si
522 931 552 962 ex
561 931 589 963 eo
596 917 669 963 fundo
680 931 753 963 essem
759 915 802 962 de-

131 985 214 1036 jectus,
225 976 258 1024 ite
272 993 311 1024 me
320 977 409 1024 restitui
417 980 499 1038 jussite
517 980 556 1027 sed
571 995 606 1038 eo,
624 980 685 1027 unde
699 980 802 1040 dejectus

133 1055 213 1088 essem.
230 1043 328 1092 Sumen
340 1043 446 1104 proximo
459 1043 529 1090 vicini
544 1044 617 1091 fundo
632 1044 741 1106 deiectus,
753 1043 803 1106 qui

133 1104 226 1152 adibam
240 1106 270 1152 cd
285 1105 355 1151 istum
371 1105 483 1153 fundum:
502 1121 555 1154 sum
565 1107 654 1155 deviiz
673 1123 726 1154 sum
742 1116 803 1155 certe

133 1167 246 1226 eiicrrnde,
257 1169 305 1216 sive
311 1169 340 1215 de
349 1169 445 1230 privem,
455 1171 503 1218 sire
512 1170 542 1218 de
551 1172 650 1234 publico.
668 1171 705 1218 Eo
712 1171 802 1218 restimi

134 1245 187 1278 sum
200 1233 285 1292 jussus.
303 1232 439 1280 Restituisse
449 1242 473 1281 te
482 1235 568 1282 dixisti.
592 1236 660 1298 Nego
670 1249 708 1282 me
720 1251 750 1282 ex
761 1235 802 1282 de-

134 1303 194 1342 creto
200 1296 302 1357 pretorio
309 1297 439 1344 restitutum
448 1313 503 1355 esse,
521 1299 586 1357 Quid
592 1299 621 1345 cd
628 1299 678 1347 haec
683 1298 801 1346 dicimus?

134 1358 186 1406 Aut
196 1367 237 1406 tuo
248 1360 454 1422 (quemadmodum
464 1362 557 1422 dicitur)
568 1363 653 1425 gladio,
664 1372 704 1410 out
714 1371 801 1418 nostro,

116 1479 118 1486 Ι
134 1421 234 1470 defensio
245 1431 286 1471 tue
295 1424 434 1483 conficiatur,
450 1441 540 1473 neceeee
549 1435 590 1474 est.
612 1427 638 1473 Si
647 1427 676 1474 ad
686 1427 801 1474 interdicti

134 1487 269 1535 sententium
280 1488 392 1551 confugis,
404 1498 434 1548 et,
445 1489 475 1536 de
485 1490 610 1552 quofrmdo
618 1500 694 1538 ectum
703 1491 732 1537 sit
739 1499 800 1550 tum,

134 1565 188 1598 cum
203 1550 314 1600 AEbutius
328 1554 443 1600 restituere
456 1554 588 1614 jubebatur,
607 1555 632 1602 id
650 1554 801 1617 querendum

134 1627 183 1662 ense
196 1615 260 1675 dicis,
278 1630 352 1678 neque
373 1616 505 1679 equitatem
521 1618 555 1664 rei
573 1619 635 1666 verbi
651 1621 734 1682 laqueo
748 1619 801 1681 cepi

134 1687 203 1742 putes
213 1688 328 1743 oportere;
339 1680 364 1726 in
374 1680 432 1726 meis
442 1682 521 1728 castris
531 1682 685 1746 presidiisque
695 1683 799 1729 menne

134 1741 200 1802 Meu,
210 1757 263 1791 mec
273 1751 307 1791 eet
317 1743 361 1790 ista
370 1743 483 1791 defensio:
502 1761 544 1808 ego
558 1746 602 1793 hoc
617 1747 736 1794 vodferore
755 1761 798 1808 ego

133 1819 212 1854 omnes
221 1807 325 1854 homines
332 1807 356 1854 D
410 1817 524 1867 ueterem,
533 1812 598 1863 (curn
604 1811 702 1872 majores
708 1810 756 1856 vim
762 1826 800 1857 er·

133 1878 220 1917 mosem
230 1871 297 1917 nulli
304 1871 363 1931 juris
371 1871 387 1917 d
409 1873 501 1920 ensione
509 1873 615 1933 texerint)
623 1889 669 1922 non
675 1874 799 1937 vestigium

133 1934 192 1994 ejus
203 1934 244 2008 qui
254 1935 354 1995 dejectus
364 1935 402 1995 sit,
410 1936 450 1983 sed
458 1937 545 1984 fectum
555 1937 625 1995 iuius,
637 1939 678 2001 qui
683 1938 800 1998 dejecerit,

133 1998 158 2044 in
166 1997 280 2058 judicium
292 1998 384 2056 venire3
399 1999 513 2060 deJ’eetum
525 2016 580 2061 esse,
592 2002 633 2064 qui
648 2002 741 2065 fugatos
751 2002 797 2059 sit3

133 2062 181 2111 vim
200 2075 249 2110 esse
265 2062 357 2125 fecum,
376 2063 413 2112 cui
433 2065 561 2128 periculum
577 2065 657 2113 mortis
676 2065 707 2114 sit
727 2065 799 2128 injec-

134 2135 194 2173 tum·
806 2151 811 2156 ·

165 2190 242 2238 Istum
255 2192 332 2240 locum
338 2193 411 2256 ¹iugis,
423 2202 446 2241 et
460 2193 609 2242 reformidas?
625 2202 649 2242 et
658 2209 704 2254 me,
716 2209 745 2242 ex
755 2194 801 2243 hoc

133 2257 171 2309 (ut
181 2255 214 2302 ite
230 2255 316 2315 dicum)
333 2273 414 2321 campo
431 2258 552 2322 equitetis,
564 2258 594 2305 ed
610 2258 664 2308 ister
678 2261 801 2307 verborum

132 2320 249 2382 angustius
259 2329 282 2368 et
291 2320 321 2367 ed
335 2335 414 2368 omnes
423 2321 542 2368 literarum
551 2322 648 2385 angulos
657 2325 765 2371 revoces?
776 2323 802 2370 in

131 2383 160 2430 iis
174 2382 229 2446 ipsis
244 2383 393 2432 intercludere
407 2383 572 2447 insidiisque
585 2386 644 2432 mihi
658 2387 745 2434 coneris
758 2402 803 2450 op·

241 2449 259 2475 cc
374 2449 380 2460 ·
407 2448 413 2458 ·
511 2449 517 2459 ·
545 2448 577 2471 ’ν’

132 2447 802 2564 sessonensium

132 2570 608 2634 innumerusetueinmrrmeeeseeeet.
625 2575 802 2640 Egomimfibi
