1850 2909
140 90 172 145 πο
270 88 311 137 nu
327 86 478 140 vnnanu
494 88 541 138 vr.
555 54 623 137 ¹cn».
642 88 684 137 os.
727 141 731 157 ¹

136 216 189 279 gius
203 214 309 279 progredi
324 231 356 265 ne
369 218 437 266 sinas.
461 218 553 280 Magno
562 225 604 264 tuo
614 215 717 280 paiculo
729 228 817 278 pccca-

140 280 203 329 bitur
213 280 236 327 in
248 280 292 329 hoc
300 282 403 343 judicios
415 283 510 343 majore,
517 296 590 345 quam
597 288 673 344 putas.

171 344 243 404 Quod
254 346 315 393 enim
326 354 349 393 te
358 346 483 394 liberatum
492 348 542 407 jam
553 343 727 393 anisdsnationis
736 351 814 403 metri,

140 406 275 457 defunctum
286 410 419 469 honoribus,
431 409 578 473 designatum
586 410 703 458 consulem
713 408 813 470 cogitas3

140 474 199 520 mihi
216 474 436 532 orede‚orna1nenta
449 475 494 521 ista
507 483 531 521 et
545 474 654 522 beneficia
668 473 749 536 populi
763 473 827 519 ilo-³

139 538 204 585 mani
217 552 264 585 non
280 538 369 585 minore
384 538 476 600 negotio
492 538 627 596 munenmr,
638 552 709 601 quam
720 551 820 599 eompa-

140 610 226 649 rantur.
244 602 366 649 Tulithaec
373 602 459 661 civitas,
467 602 544 665 quoad
551 600 716 665 potuitquoad
722 614 816 647 necesse

141 666 194 725 suit,
207 666 294 729 regiam
305 666 372 713 istam
383 676 483 713 vestram
493 666 674 714 dominationem
685 665 710 711 in
718 664 815 724 judiciis

140 731 194 778 etin
204 730 269 777 omni
277 730 408 805 republici-
425 730 565 788 Tulitssed‚
573 728 815 794 quodiepopuioRo·

141 809 211 842 mano
228 794 399 857 tribuniplebis
415 795 515 842 restituti
525 804 588 854 sunt,
598 794 677 841 omnia
691 793 738 839 ista
747 793 815 840 vobis

140 858 171 912 (si
187 858 363 907 foronomum
377 859 516 921 intelligitis)
534 859 626 906 ademta
646 867 717 921 atque
733 864 829 919 erepto·

140 930 201 971 sunt.
225 922 341 971 Omnium
360 938 422 971 nunc
440 923 502 971 oculi
516 923 613 984 oonjtscti
629 931 685 969 sunt
698 922 742 968 boc
761 921 814 984 ipso

139 995 242 1053 tempore¹
252 987 277 1035 in
285 1002 478 1051 unumquemque
484 991 602 1043 nostrim3
614 986 714 1050 qoiiide
723 1000 767 1047 ego
777 1000 817 1033 ae-

139 1067 226 1163 pusplm,
238 1053 285 1117 qui
295 1053 405 1116 religione
414 1052 440 1099 bi
447 1050 561 1114 judicent,
572 1052 621 1116 qua
631 1060 657 1098 tu
671 1050 760 1098 radone
769 1048 826 1097 de··

152 1132 179 1163 cn
196 1132 229 1163 as.
823 1142 826 1147 -

183 1179 222 1227 Dc
240 1180 348 1227 omnibus
366 1180 440 1240 nobis,
460 1181 480 1228 si
496 1180 549 1243 quis
570 1180 687 1228 tantulum
708 1178 738 1225 de
753 1176 817 1226 recti

142 1244 235 1306 regione
251 1244 376 1303 deflexerit,
391 1244 491 1292 nonilla
500 1245 569 1292 tacita
584 1243 731 1299 existimatio,
742 1258 816 1306 quam

141 1317 208 1355 antea
219 1319 362 1356 contemmere
372 1309 487 1370 solebatis,
498 1309 538 1356 sed
545 1309 668 1357 vehemens
678 1323 705 1354 ac
714 1307 817 1355 liberm

141 1371 222 1436 populi
239 1372 341 1419 Romani
352 1373 475 1434 judicium,
491 1382 648 1437 consequetur.
673 1372 749 1419 Nulla
761 1371 814 1432 uui,

142 1436 239 1496 Quinte,
260 1452 314 1484 cum
332 1437 376 1485 isto
393 1438 498 1500 cognatio
516 1446 558 1497 ast,
577 1438 644 1485 nulls
663 1435 814 1483 necessitudo.

141 1502 235 1559 Quibus
243 1502 426 1549 excusationibus
434 1500 821 1564 sntanimiuminsliquojudicie

141 1566 244 1613 studium
263 1576 331 1613 tuum
348 1566 469 1614 defendere
484 1567 580 1626 solebas,
596 1580 677 1613 earum
692 1565 778 1612 iubere
788 1565 814 1613 in

139 1630 184 1677 hoc
201 1630 296 1679 homins
312 1631 401 1678 nullam
418 1640 490 1694 potes.
518 1630 581 1690 Qua
598 1631 642 1677 ista
654 1630 680 1676 in
695 1629 822 1692 provincii·

140 1695 219 1757 palam
230 1694 357 1751 dictitabat,
368 1710 421 1742 cum
429 1710 464 1753 en,
473 1710 526 1757 qua
535 1696 642 1752 faciebat,
649 1693 690 1740 tui
696 1708 721 1740 se
728 1692 822 1741 fiducit—

140 1758 215 1806 facere
226 1758 323 1818 dicebat,
336 1774 363 1807 ea
376 1774 405 1806 ne
419 1774 474 1807 vera
482 1767 601 1822 putentur,
613 1759 656 1806 tibi
665 1757 770 1805 mamma
780 1767 816 1805 est

142 1822 318 1885 providendum.
817 1846 821 1853 ·

174 1886 269 1933 LXIX.
286 1886 339 1949 Ego
350 1887 396 1934 mei
405 1888 455 1947 jam
466 1886 578 1934 rationun
588 1886 659 1934 officii
668 1884 758 1934 conlido
765 1900 820 1935 mss

143 1951 251 1998 dumibus
266 1950 415 2015 iniquissimis
426 1950 484 1997 meis
497 1952 648 2014 persolutam:
665 1964 721 1997 nam
731 1950 814 2011 istum,

142 2014 222 2077 paucis
229 2014 291 2062 horis
301 2016 382 2079 primus
390 2014 493 2072 actionis,
504 2015 610 2062 omnium
619 2015 754 2062 mortalium
762 2030 815 2063 san-

141 2078 226 2137 tentils‚
234 2078 391 2127 condemnavi.
408 2078 536 2143 Reliquum
546 2079 661 2140 judicium
670 2092 718 2126 non
725 2080 777 2140 jam
783 2080 815 2130 de

141 2142 194 2189 mei
209 2142 262 2201 fide,
274 2158 327 2207 quas
337 2152 454 2206 perspecta
464 2152 508 2203 est,
517 2159 594 2207 neque
609 2143 676 2191 istius
688 2143 744 2202 viu,
760 2160 818 2209 quae

142 2206 251 2253 damnata
261 2216 308 2263 ατς
321 2207 360 2255 sed
370 2208 399 2255 de
407 2208 533 2269 judicibus,
544 2217 568 2255 et
578 2212 641 2262 (vere
648 2214 676 2254 ut
685 2207 773 2267 dicam)
783 2209 819 2257 do

141 2280 172 2329 te,
193 2270 299 2318 fuitumm
317 2280 358 2319 est.
395 2273 431 2319 At
448 2286 495 2335 quo
512 2282 620 2335 ternpore
631 2272 739 2319 futurum
757 2276 816 2321 est?

142 2338 208 2389 (nam
230 2335 255 2382 id
273 2336 375 2383 maxime
391 2336 559 2399 providendum
575 2349 621 2383 asts
644 2336 740 2395 etenim
758 2352 819 2387 cunr

144 2400 252 2447 omnibus
266 2400 291 2447 in
302 2401 378 2457 rebus,
387 2408 443 2447 tum
454 2400 479 2447 in
490 2401 622 2465 republici,
630 2401 752 2463 permagni
762 2416 819 2449 mos

141 2465 216 2511 menti
225 2474 259 2513 est
268 2464 327 2512 ratio
339 2473 409 2527 atque
423 2463 541 2512 inclinatio
555 2473 711 2527 tempsmms)
729 2480 818 2530 nempe

141 2542 176 2584 eo,
191 2542 245 2575 cum
260 2528 361 2593 populus
375 2528 497 2576 Romanus
512 2529 577 2577 alind
591 2542 665 2591 genus
680 2529 818 2590 hominum‚=

138 2598 209 2653 atque
226 2592 298 2641 alium
313 2592 427 2652 endum,
439 2592 470 2639 ad
484 2608 521 2641 nes
533 2593 679 2655 jutimmdas,
693 2594 814 2657 roquitm
