1850 2909
264 70 333 147 eno
349 98 537 153 crossum.
554 105 685 186 omos!
751 106 800 163 επ

132 217 246 283 depellite
263 222 337 273 Multi
347 242 415 291 saepe,
426 230 451 276 in
459 230 593 293 judicando,
602 234 800 297 pwcstolibertlm

133 288 256 393 parentium
267 288 425 341 momordic
440 306 610 345 concesserunt=
628 313 676 358 vos,
687 314 717 346 ne
729 299 801 360 hujus

151 350 291 400 onestissime
303 362 377 402 setam
391 357 462 405 vitem
479 360 559 406 mauis
575 362 703 409 crudelitati
716 363 801 409 condo·

133 412 202 472 netis,
217 429 339 478 rogemus3
356 422 482 483 presertim
496 439 550 470 cum
563 426 749 489 exalteripsrte
764 435 800 474 to-

133 482 186 523 tum
196 480 348 544 municipium
359 484 435 533 videre
444 487 541 549 posside
558 488 648 537 Omnes
658 490 744 549 scitote,
760 491 800 551 ju·

131 538 202 601 dices,
221 543 362 596 (incredibile
382 548 445 597 dictu
463 559 513 607 est3
531 552 571 600 sed
592 569 607 601 s
624 568 663 601 me
684 554 800 601 verissime

132 602 228 667 dicitur)
250 622 329 661 omnes
350 611 478 675 Larinates,
499 616 541 679 qui
559 618 688 679 vulueruni
711 618 798 667 venisse

132 666 244 731 Romam,
262 681 289 720 ut
305 674 367 724 huuc
383 678 458 726 studio
472 678 645 744 frequentiique
661 680 711 742 sud,
725 697 799 746 quen-

132 738 185 779 tum
202 744 302 799 possent,
321 739 346 785 in
363 748 427 790 tanto
451 744 501 804 ejus
517 744 617 807 periculo
636 748 797 794 sublevorents

130 797 208 858 pueris
224 798 291 861 illud,
306 802 349 850 hoc
366 813 476 869 tempore,
495 816 518 855 et
533 810 668 858 mulieribus
685 810 797 875 oppidum

130 859 210 909 scitote
229 878 276 911 esse
293 866 410 927 traditum,
425 870 496 934 idque
511 871 536 919 in
553 874 680 935 prasentia,
692 876 716 922 in
734 890 797 923 oom-

129 926 198 972 muni
216 927 290 975 ltaliae
308 946 372 993 pace,
397 934 525 983 domesticis
547 938 617 999 copiis
634 954 681 986 esse
700 947 795 986 tutums

128 1001 188 1049 quos
198 997 276 1039 temen
282 992 343 1056 ipsos
351 1012 424 1059 aeque,
433 1007 455 1045 et
461 1014 499 1047 eos
509 1016 567 1063 quos
575 1011 696 1063 presentes
706 1001 796 1064 videtis,

128 1050 200 1112 hujus
211 1058 347 1130 exspectatio
355 1060 436 1119 judicii
446 1061 495 1110 dies
504 1073 627 1128 noctesque
637 1066 749 1113 sollicitat·

160 1116 218 1164 Non
228 1118 263 1166 illi
274 1135 313 1169 vos
324 1122 352 1169 de
362 1125 431 1173 unius
441 1127 563 1191 municipis
577 1128 674 1177 fortunis
684 1130 797 1177 arbitran-

127 1186 176 1240 tur,
195 1182 235 1229 sed
251 1182 280 1230 de
297 1186 366 1234 totius
382 1189 503 1254 municipii
519 1201 588 1252 stetu,
602 1193 721 1256 dignitate,
732 1209 796 1242 oom-

128 1244 250 1309 modisque
264 1250 380 1310 omnibus,
392 1255 513 1303 sententias
528 1272 575 1305 esse
588 1258 681 1305 laturos.
697 1259 796 1307 Summa

127 1316 164 1355 est
174 1310 244 1370 enim,
260 1312 355 1374 judices,
366 1316 466 1365 hominis
476 1319 501 1365 in
511 1335 659 1369 communem
675 1322 796 1385 municipii

128 1386 179 1419 rem
190 1373 317 1437 diligentia,
332 1377 356 1425 in
367 1380 469 1444 singulos
486 1384 613 1448 municipes
623 1386 760 1448 busignitas,
771 1386 797 1432 in

127 1450 209 1485 onmes
225 1439 329 1489 homines
343 1443 432 1503 justitia
444 1454 468 1493 et
479 1446 543 1495 fides.
560 1449 673 1496 Praeteree
688 1449 796 1497 nobilita·

127 1508 177 1548 tem
193 1502 258 1549 illem
271 1503 330 1553 inter
348 1523 409 1569 suos,
422 1510 546 1574 locumque
559 1514 709 1572 smaJoribus
725 1512 796 1560 modi·

127 1571 189 1625 tum,
208 1566 239 1615 sic
258 1576 343 1629 tuetur,
360 1580 388 1619 ut
405 1576 521 1634 majorum
533 1576 677 1637 gravitatem,
686 1580 797 1623 'constan-

126 1626 196 1689 tisun,
206 1632 312 1693 gretiam,
326 1634 495 1697 liberalitatem,
515 1648 655 1702 assequatur.
673 1639 756 1702 Itaque
765 1640 794 1688 iis

126 1706 184 1739 eum
194 1695 267 1743 verbis
277 1696 369 1759 publice
382 1700 486 1761 laudant,
503 1711 588 1749 utnon
602 1704 678 1751 solum
692 1703 795 1751 testimo-

125 1756 194 1803 nium
212 1774 280 1805 suum
294 1762 454 1827 judiciumque
472 1766 607 1829 significent,
627 1782 708 1815 verum
725 1767 795 1829 etiam

125 1834 207 1867 curam
217 1823 289 1869 animi
299 1840 326 1873 sc
336 1825 446 1887 dolorem,
463 1829 525 1888 Quae
534 1831 592 1877 dum
602 1831 704 1879 lsudstio
713 1832 794 1880 recito-

126 1892 175 1943 tur‚
187 1900 235 1947 vos,
247 1903 333 1950 quaeso,
345 1890 387 1953 qui
397 1906 448 1940 eom
459 1893 580 1955 detulistis,
591 1896 708 1959 assurgite.

126 1990 256 2044 (Loudotio
280 1994 445 2109 Cluentissdeee
453 2000 617 2121 mmm
640 2001 796 2050 larentiam

427 2077 454 2109 cr
490 2096 496 2109 .

158 2142 199 2191 Ex
212 2144 320 2209 lacrymis
331 2147 424 2209 horum,
437 2150 533 2211 judices,
549 2151 678 2200 existimare
691 2151 794 2217 potestis,

125 2222 206 2257 omnes
222 2209 271 2258 hec
282 2211 413 2261 decuriones
427 2214 550 2263 decrevisse
563 2216 722 2281 lacrymantes.
739 2217 794 2290 Age

126 2288 189 2347 vero,
208 2273 338 2351 vicinomm
352 2286 466 2341 qusnmm
480 2279 592 2377 studium3
607 2280 795 2390 qusmfflipcreffll·
819 2345 822 2354 ,
855 2309 861 2317 -

124 2337 673 2467 ffiubffieiiiffiadqifflrffumffffiffi
688 2357 795 2454 hoissi

123 2464 303 2529 honestissimos,
315 2484 372 2532 quos
382 2472 502 2518 nossemus
511 2486 600 2531 omnes,
607 2471 653 2518 huc
662 2470 793 2533 frequentes

124 2529 211 2589 adesse,
227 2539 250 2579 et
265 2532 328 2580 hunc
342 2542 464 2596 presentes
477 2534 580 2593 laudare,
593 2535 723 2581 voluerunt
735 2529 792 2607 ῥά·

122 2601 178 2641 sint
188 2594 319 2657 Ferentmti,
326 2597 432 2645 homines
441 2597 586 2657 nobilissimi,
598 2598 727 2645 Marrucini
734 2606 790 2645 rtem
