1850 2909
163 73 209 120 146
249 71 319 121 PRO
336 73 428 120 LEGE
446 71 612 122 MANILIA.
628 73 693 122 Gar.
706 73 746 120 tt.

159 201 274 249 audiatis?
287 201 374 265 Atque,
382 201 431 250 haec
439 201 488 265 qui
496 201 838 266 celeritategestasint,quam·

160 281 232 329 quam
242 265 332 324 vidctis,
345 275 422 325 tamen
435 281 450 313 a
464 282 504 314 me
519 267 544 314 in
560 267 657 314 dicendo
672 265 838 330 pretereunda

160 346 208 378 non
218 338 281 378 sunt.
299 331 360 389 Quis
371 330 433 378 enim
445 345 559 394 unquam,
575 340 617 378 aut
631 331 733 379 obeundi
746 330 838 392 negotii

161 403 202 442 aut
213 394 365 458 consequendi
376 398 477 456 questos
489 395 574 453 studio,
586 404 634 443 tam
645 396 710 444 brevi
719 404 838 458 tempore,

161 468 196 507 tot
205 461 256 506 ioca
266 459 337 520 adire,
350 469 424 506 tantos
436 475 516 507 cursus
526 461 644 517 conficere,
659 459 743 524 potuit,
760 473 836 522 quam

162 525 272 580 celeriter,
280 524 324 572 Cn.
334 524 446 588 Pompeio
454 523 519 578 duce,
526 525 581 571 belli
589 525 690 588 impetos
696 522 836 585 navigavit?

162 589 212 650 qui,
224 589 328 635 nondum
341 589 477 650 tempestIvo
487 589 517 635 ad
527 590 684 652 navigandum
694 588 764 644 mari,
776 587 837 635 Sici·

154 654 218 700 ,liam
230 652 294 709 adiit,
304 652 410 700 Africam
418 653 560 716 exploravit3
578 653 632 700 iude
640 652 770 701 Sardiniam
779 665 837 698 cum

163 719 235 765 classe
252 717 329 773 venit;
354 725 423 780 atque
440 716 490 764 haec
505 718 550 764 tria
564 717 716 765 frumentaria
731 715 838 764 subsidia

162 781 294 844 reipublicae
301 781 437 828 finitissimis
445 780 557 844 prandiis
563 782 720 845 classibusque
725 780 837 827 munivit.

163 845 223 893 Inde
233 861 286 893 cum
298 861 322 892 se
331 845 356 891 in
368 845 462 892 Italiam
473 845 600 909 recepisset,
611 847 702 893 duabus
714 845 838 908 Hispaniis

163 919 187 958 et
198 909 276 957 Gallie
287 909 405 972 Cisalpini
416 910 527 973 praesidiis
542 926 568 957 ac
582 910 679 957 navibus
690 909 838 965 coodunata,

164 975 239 1022 missis
251 975 306 1022 item
322 974 347 1020 in
362 989 427 1020 oram
443 973 531 1037 lllyrici
545 975 624 1033 maria,
643 985 665 1021 et
679 973 704 1020 in
716 973 837 1020 Achaiam

164 1054 304 1102 omnemque
326 1038 449 1095 Graeciam,
468 1039 573 1098 navibus,
596 1038 672 1086 tutia
692 1037 740 1084 duo
761 1037 838 1084 maria

164 1101 837 1166 maximisclassibuafirmIssimiaquepraesidiisadornavitr
920 1126 921 1131 =

165 1169 214 1231 ipse
224 1177 311 1226 autem,
326 1174 353 1214 ut
363 1182 378 1213 a
388 1167 515 1214 Brundisio
524 1167 639 1230 profectus
649 1175 691 1225 est,
702 1165 839 1228 undequin-

88 1250 91 1254 ·
166 1231 299 1294 quagesimo
313 1231 351 1278 die
364 1237 436 1278 totam
454 1232 484 1278 od
502 1231 720 1295 imperium'populi
733 1229 839 1278 Romani

166 1295 271 1342 Ciliciam
283 1295 403 1355 adjunxit:
421 1311 509 1353 ornnes,
521 1296 562 1358 qui
572 1296 660 1358 ubique
669 1295 788 1357 predones
799 1294 839 1341 fu-

166 1372 241 1418 erunt,
253 1360 337 1422 partim
348 1360 409 1421 capti
420 1359 577 1422 interfectique
590 1368 654 1418 sunt,
670 1360 756 1423 partim
767 1358 839 1405 unius

166 1425 237 1485 hujus
247 1425 344 1487 imperio
354 1439 381 1471 ac
391 1424 496 1486 potestati
507 1439 531 1471 ae
540 1423 683 1472 dediderunt
700 1423 768 1470 Idem
780 1423 839 1470 Cre

166 1488 279 1549 tenuibus,
288 1503 341 1536 oum
353 1487 447 1535 adeum
458 1503 532 1552 usque
542 1488 567 1535 in
574 1489 632 1535 Pam
649 1488 738 1552 byliam
748 1488 838 1550 legatos

165 1554 365 1618 deprecatoresque
380 1552 503 1607 misissent,
519 1567 583 1616 spem
598 1553 613 1599 d
644 1552 720 1599 'tionis
733 1566 781 1599 non
797 1551 839 1598 ad-

168 1619 233 1678 emit,
245 1617 380 1681 obsidesque
390 1616 519 1679 imperavit.
538 1616 575 1664 lta
585 1625 676 1664 tantum
682 1617 780 1675 beilum,
789 1623 840 1662 tam

167 1683 313 1742 diuturnum,
325 1691 373 1729 tam
384 1681 452 1743 longe
465 1681 557 1745 lateque
567 1681 705 1743 dispersum,
717 1695 765 1744 quo
774 1679 838 1727 bello
920 1706 921 1727 r

168 1763 247 1795 omnes
255 1755 333 1809 gentes
340 1761 366 1794 ac
372 1745 475 1792 nationes
481 1747 651 1807 premebantur,
659 1745 702 1792 Cn.
712 1744 839 1806 Pompeius

169 1813 272 1859 extremi
279 1811 356 1857 hieme
367 1809 494 1872 apparavit,
505 1809 599 1858 ineunte
607 1825 658 1857 vere
669 1809 776 1874 suscepit,
786 1821 838 1856 mc·

168 1876 207 1923 die
218 1883 296 1922 aestate
304 1874 407 1921 confecit.

201 1939 277 1987 XIII.
294 1937 339 1985 Est
346 1939 395 1986 hac
402 1937 482 1985 divina
487 1945 557 2002 atque
566 1937 705 1986 Incredibilis
713 1936 786 1984 virtus
792 1935 839 1982 im-

168 2004 284 2068 peratoris.
302 2003 368 2062 Quid
380 2011 475 2060 caeterae‚
487 2019 545 2066 quas
555 2004 626 2066 paulo
635 2011 688 2050 ante
699 2015 839 2050 commemo·

168 2083 219 2116 rare
227 2083 347 2132 ceperam,
372 2075 602 2131 uantaeatquequam
608 2068 689 2114 multae
695 2065 764 2114 sunt!
783 2063 839 2112 Non

170 2132 232 2181 enim
243 2134 319 2180 solum
329 2084 431 2180 sabaudi
441 2132 514 2180 virtus
524 2132 548 2178 in
559 2147 651 2180 summo
659 2140 729 2194 atque
738 2129 839 2194 perfecto

169 2199 305 2261 imperatore
315 2197 438 2261 quaerenda
449 2205 498 2252 est;
515 2195 555 2243 sed
565 2197 646 2244 multa
656 2204 710 2243 aunt
720 2203 780 2242 artes
790 2193 840 2242 exi·
854 2237 861 2249 ,

170 2264 232 2321 miae,
240 2261 310 2322 hujus
320 2261 461 2308 administra
472 2261 612 2324 comitesque
619 2260 717 2308 virtutis.
734 2259 781 2317 Ac,
791 2258 839 2322 pri·

169 2343 245 2386 mum,
263 2326 350 2390 quanti
366 2324 496 2372 innocentia
511 2324 595 2372 debent
612 2341 659 2372 esse
674 2323 837 2388 imperatores!

168 2391 256 2458 quantis
264 2391 346 2437 deinde
354 2390 461 2437 omnibus
469 2389 493 2435 in
500 2390 568 2436 rebus
574 2389 739 2453 temperantia!
752 2387 839 2451 quanti

168 2457 226 2504 tide!
245 2453 332 2518 quanti
343 2453 466 2501 facilitate!
483 2461 571 2517 quanto
578 2453 685 2516 ingenio!
698 2453 786 2516 quantit
795 2451 840 2498 hu-

159 2519 295 2568 ‘rnanitate!
320 2517 391 2578 Quae,
407 2517 515 2577 breviter,
530 2518 609 2580 qualia
619 2518 699 2565 sintin
711 2518 755 2566 Cn.
768 2517 839 2564 Pom·
