1850 2909
237 65 308 116 PRO
324 66 513 120 CLUEN'I'IO·
530 70 595 121 Con·
606 71 646 120 55·
728 66 777 115 21⁹

106 191 146 253 rit,
160 190 275 254 habeon,
290 194 401 245 dederit”
423 195 491 255 Quid
503 197 583 245 eodem
595 198 635 247 lex
648 195 726 243 onom
736 193 778 241 eu-

104 258 185 321 ]ungit
192 258 309 307 i'Reoitu
328 260 437 325 “Deque
448 263 499 323 ejus
509 262 583 325 eapite
590 259 712 323 querito”
728 256 778 305 Cu·

104 322 161 382 jus?
177 322 218 386 qui
224 323 319 371 coierit?
335 326 484 374 convenerit?
499 341 546 373 non
554 326 633 373 itaest.
651 323 716 383 Quid
724 338 778 385 ergo

106 389 159 434 est?
170 386 214 435 die.
233 387 309 447 “Qui
317 388 422 437 tribunus
432 390 536 437 militum
541 388 671 453 legionibus
679 395 778 450 quotuor

105 450 195 513 primis,
212 452 280 514 quive
298 463 406 516 quietior,
423 455 530 502 tribunus
544 453 642 518 plebis.’'
663 451 779 513 Deinceps

105 516 780 643 nmuntmt,

107 642 194 702 coierit,
207 645 319 705 eonvexuit,
331 647 524 710 eonvenerit,quo
531 598 679 710 quisqjudieio
686 643 780 755 {oblito

107 707 323 759 condemnaretur?
345 710 395 770 Qui
409 726 505 759 eorume
525 713 644 774 quorum?
666 708 689 757 vi
705 708 779 766 edicet,
811 742 814 746 ›

107 771 151 835 qui
166 787 236 836 supra
253 774 330 837 scripti
347 782 407 823 sunt.
436 774 503 834 Quid
521 776 623 833 interest,
640 783 693 821 utro
709 771 781 819 modo

107 836 221 898 seriptum
232 836 280 884 sit?
296 838 348 886 Etsi
356 847 510 903 mtopenum,
518 847 595 886 tomen
605 839 656 901 ipso
662 838 701 885 lex
707 836 780 883 dooet·

108 900 159 947 Ubi
170 900 232 948 enim
242 916 321 949 omnes
332 904 439 951 mortales
445 904 533 966 alliget,
540 903 572 951 ito
579 903 697 965 loquitur:
715 902 733 929 “
740 899 782 964 qui

108 978 227 1011 venenum
237 966 327 1014 molum
338 967 399 1025 fecit,
415 966 519 1015 fecerit.”
535 966 625 1016 Omnes
635 966 686 1025 viri,
697 964 782 1012 mulie·

107 1042 153 1087 res,
168 1028 243 1086 liberi,
259 1031 326 1091 servi,
341 1031 366 1077 in
378 1032 493 1092 judicium
503 1039 620 1080 voeontur.
642 1030 668 1078 Si
682 1029 738 1077 item
753 1026 783 1075 de

107 1092 207 1140 coitione
213 1094 328 1156 voluisset,
336 1095 487 1156 adjunxisset,
495 1095 586 1159 “quive
594 1094 697 1141 coierit''
709 1093 734 1140 N
736 1106 782 1139 une

106 1156 141 1204 ita
152 1165 195 1217 est,
205 1158 310 1221 “Deque
319 1161 367 1221 ejus
378 1160 452 1223 capite
460 1160 564 1223 qum-ito,
574 1158 615 1219 qui
620 1157 781 1221 mogistremm

106 1220 224 1282 habuerit,
241 1224 310 1285 quive
325 1224 350 1271 in
367 1233 447 1271 senatu
464 1224 600 1272 sententium
616 1222 717 1278 dixerit3
738 1220 780 1285 qui

109 1300 193 1334 eorum
203 1286 266 1343 coiit,
278 1288 380 1335 coierit”

143 1350 212 1397 Num
222 1350 241 1397 is
252 1359 286 1398 est
301 1351 441 1401 Cluentius?
460 1360 520 1401 certe
532 1367 579 1400 non
589 1361 629 1399 est
652 1348 713 1409 Quis
727 1362 782 1411 ergo

110 1421 146 1462 est
157 1413 296 1463 Cluentius?
310 1416 351 1479 qui
361 1424 438 1465 tumen
449 1416 541 1465 defendi
551 1431 644 1465 causam
654 1430 720 1463 suum
730 1414 782 1475 lege

110 1478 178 1525 nolit
195 1480 279 1543 Itaque
294 1480 377 1541 objicio
387 1482 478 1545 legem:
494 1496 583 1529 morem
594 1479 701 1527 Cluentio
711 1492 780 1540 gero:

111 1542 156 1590 tibi
167 1550 254 1604 tomen,
265 1545 327 1605 Atti,
335 1560 417 1609 panos,
426 1562 480 1610 quae
489 1547 519 1593 ob
529 1545 600 1606 hujus
606 1541 673 1591 causi
681 1542 783 1601 sejuncto

111 1615 177 1667 eunt,
196 1609 344 1673 respondebo.
364 1609 410 1657 Est
420 1610 482 1659 enim
492 1608 604 1673 quiddam
617 1608 643 1655 in
653 1607 696 1654 hue
706 1601 783 1665 onusti,

112 1671 177 1735 quod
188 1672 309 1722 Cluentius
319 1673 349 1723 ad
360 1689 399 1731 κς
416 1683 450 1723 est
466 1672 562 1737 aliquid,
577 1672 640 1736 quod
653 1686 695 1733 ego
706 1669 736 1716 od
745 1684 785 1717 me

98 1768 99 1773 ,
112 1744 195 1799 putem
205 1736 324 1799 pertinere.
341 1737 389 1787 Hie
399 1739 441 1787 sui
451 1746 519 1803 putot
528 1736 644 1795 interesse,
656 1732 784 1798 semiped,

115 1808 139 1847 et
149 1808 213 1862 gesto
224 1802 323 1864 negotio,
338 1817 385 1849 non
395 1803 455 1867 lege,
466 1800 573 1849 defendi:
591 1816 633 1863 ego
643 1806 722 1847 autem
731 1798 785 1847 mei

115 1864 223 1913 existimo
233 1865 348 1927 interesse,
360 1882 399 1915 me
410 1866 477 1919 nulli
484 1866 510 1913 in
517 1863 672 1929 disputatione
681 1864 711 1911 ub
717 1862 786 1911 Attio

115 1928 189 1976 videti
206 1944 254 1977 esse
267 1939 407 1993 mperatum.
430 1932 486 1979 Non
500 1930 563 1978 enim
579 1929 638 1977 mihi
653 1928 703 1977 heo
717 1942 786 1977 ouum

114 1995 164 2041 solu
174 1992 270 2043 dicenda
277 2004 317 2042 est.
335 1995 453 2043 Omnibus
462 1994 501 2042 hio
508 1995 573 2043 labor
578 2010 644 2043 meus
654 1992 784 2057 propositus

115 2066 159 2116 est,
168 2058 309 2122 quicumque
318 2059 362 2107 hoo
373 2058 481 2107 suauitate
488 2058 625 2106 defensionis
631 2057 785 2107 eontentiesse

32 2146 34 2151 ·
114 2130 218 2189 possunt.
236 2123 308 2182 Nolo,
319 2138 460 2187 quemquem
471 2138 559 2183 sonum,
570 2124 612 2187 qui
622 2123 714 2182 adsunt,
725 2120 785 2170 exit·

114 2188 207 2247 timore,
218 2202 265 2247 me,
276 2202 329 2251 quae
339 2188 368 2237 de
378 2188 428 2250 lege
439 2189 469 2235 ob
479 2187 546 2236 Attio
557 2187 618 2235 dieta
628 2195 691 2245 sunt,
702 2186 721 2235 si
731 2184 785 2234 reti-

115 2252 212 2311 cuerim,
220 2255 373 2315 comprobare.
389 2252 556 2311 Quamobrem,
565 2250 666 2310 Cluenti,
675 2250 704 2297 de
714 2247 787 2297 tenbi

116 2318 245 2380 obsequor:
263 2331 339 2379 neque
352 2332 395 2379 ego
409 2317 485 2381 legem
500 2316 579 2377 recito,
592 2331 668 2380 neque
680 2314 725 2361 hoo
736 2312 787 2361 loeo

116 2396 161 2445 pro
176 2389 199 2431 te
213 2380 279 2438 dioo;
296 2381 336 2431 sed
350 2396 386 2441 es,
402 2397 455 2447 quae
469 2376 786 2434 amedesiderariatbitror,
860 2411 862 2416 .

117 2459 165 2494 non
176 2446 313 2509 relinquam.

151 2510 206 2559 LV.
223 2510 337 2573 Iniquum
347 2508 390 2559 tibi
400 2508 499 2570 videtur,
509 2506 572 2567 Atti,
583 2522 639 2567 etse,
650 2519 697 2553 non
707 2499 789 2579 iisdem

116 2574 209 2638 legibus
223 2589 304 2623 omnes
316 2574 395 2625 teneri.
413 2572 521 2623 Primum
535 2574 573 2626 (ut
581 2570 607 2619 id
617 2568 788 2633 niquisummn
