1850 2909
196 72 266 122 PRO
282 67 375 122 LEGE
391 69 561 120 MANIMA.
576 70 642 121 (lut.
655 73 693 130 17.
740 75 785 122 lot

114 200 252 260 obedierint,
263 200 303 249 sssl
315 200 386 250 etiam
398 200 460 249 venti
474 207 666 265 tanpsststoeque
679 203 792 252 obscum.

115 267 203 315 ‹lirint
212 265 266 314 Hoc
271 265 405 314 brevissima
410 265 496 322 dicem,
503 265 620 316 neminem
627 281 732 330 unquam
741 275 792 315 tam

116 331 279 395 impudentem
296 330 375 387 suune,
394 329 435 393 qui
449 345 464 376 s
479 329 532 377 Diis
541 330 713 379 immortalibus
724 340 758 379 tot
768 341 793 380 et

116 405 194 444 tantas
204 411 240 442 res
250 395 332 442 tacitus
341 393 435 442 auderet
445 402 533 468 optare,
545 402 603 457 quot
613 403 636 442 et
643 403 741 457 quantas
748 396 792 443 Dii

117 459 261 508 immortales
275 458 306 506 sd
316 457 362 507 Cn.
374 459 514 522 Pompeium
525 457 665 506 devilemnt.
682 459 754 518 Quod
763 468 791 508 ut

116 524 154 572 illi
164 523 285 588 proprium
296 539 323 571 ae
332 532 471 586 perpetuum
482 522 521 579 sit,
536 523 649 581 Quirites,
664 538 718 571 eum
729 539 793 572 oum·

118 587 199 636 munis
222 587 301 636 salutis
324 597 394 650 utque
415 586 516 650 imperii,
537 595 588 634 tum
605 587 678 650 ipsius
693 588 794 636 hominis

118 652 199 711 usust
210 651 288 709 (sicui
297 651 381 710 rann)
392 651 451 699 velle
461 659 486 698 et
495 660 574 714 epure
584 650 678 700 debetis

154 717 243 776 Quare,
254 731 308 764 eum
319 727 342 764 et
351 715 440 763 bellum
451 715 485 762 ita
494 716 646 763 neeessariam
655 717 693 775 sit,
700 725 727 764 ut
735 732 793 780 ueg-

119 780 164 844 ligi
182 795 229 829 non
247 781 334 844 possit3
351 781 384 827 ita
402 795 525 842 maguum,
542 789 570 826 ut
582 781 750 832 accuratissime
763 782 795 830 sit

121 845 347 901 administrandum
365 853 388 892 et
399 859 452 891 aum
466 844 488 890 ei
502 844 664 906 imperatorem
679 847 795 908 proficere

120 909 222 973 pofflfis,
233 909 258 956 in
275 925 322 972 quo
335 909 365 956 sit
381 907 467 956 eximit
483 908 539 955 belli
555 908 656 966 snmus,
671 909 794 973 singularis

121 975 204 1032 virtius,
216 973 341 1022 dmisums
350 973 481 1031 auctoritas,
496 973 588 1034 egregia
600 973 708 1030 furtum
725 973 794 1022 dubi-

121 1038 210 1096 tabitis,
222 1037 334 1096 Quirites.
345 1038 401 1100 quin
412 1037 456 1084 hoc
464 1046 556 1084 tantum
562 1037 627 1095 boni,
634 1037 698 1100 quod
705 1039 795 1087 vobisa

121 1102 178 1150 Diis
191 1102 361 1150 immortalibus
376 1101 482 1150 oblatum
499 1109 522 1148 et
536 1101 617 1149 datum
633 1110 677 1161 est,
693 1102 719 1149 in
735 1118 796 1150 ran.

122 1167 242 1278 imum
259 1166 437 1214 conservandam
454 1173 525 1228 atque
538 1165 725 1229 amplifioantlmn
741 1181 797 1216 oon.

134 1231 221 1280 matis?

156 1295 244 1344 XVII.
267 1293 339 1353 Quod
354 1294 374 1342 si
390 1293 475 1342 Romae
490 1293 535 1342 Gn.
551 1294 677 1358 Pompeius
692 1295 796 1360 privatus

125 1360 237 1408 essethoe
247 1367 365 1422 tempora
382 1367 460 1406 tamen
472 1357 604 1406 &tannim
615 1359 703 1408 bellum
717 1360 797 1410 isuat

123 1424 260 1487 deligendus
270 1432 340 1488 utque
350 1422 484 1471 mittendus.
501 1423 581 1482 Nunc,
596 1437 650 1470 eum
665 1423 695 1471 sd
705 1433 797 1473 saeteras

124 1503 229 1536 summas
245 1487 354 1536 utilitates
367 1488 418 1535 hese
432 1503 526 1550 quoque
539 1488 698 1550 opportunitas
713 1487 798 1548 adjun-

125 1561 203 1616 gatur,
214 1553 275 1600 utin
284 1551 312 1599 iis
322 1551 378 1616 ipsis
388 1551 444 1600 locis
452 1551 521 1611 adsit,
532 1560 560 1598 ut
569 1552 654 1598 habeat
661 1553 796 1611 exmeitum,

127 1624 155 1664 ut
166 1619 195 1665 ab
207 1617 243 1676 iis,
255 1617 296 1680 qui
310 1616 405 1674 habent,
421 1615 523 1679 accipere
539 1615 616 1663 statim
632 1615 721 1688 possim
739 1616 796 1679 quid

125 1683 304 1745 exspectamus?
320 1689 362 1729 aut
372 1696 412 1728 cur
422 1693 478 1738 uon,
490 1679 589 1727 ducibus
599 1677 654 1726 Diis
661 1679 797 1728 immortali·

126 1747 179 1805 bus,
191 1745 275 1804 adn,
285 1744 323 1793 cui
334 1753 422 1803 caetera,
434 1743 590 1792 summissum
603 1743 677 1790 salute
686 1743 797 1808 reipubli-

124 1825 168 1868 ω,
180 1810 302 1920 summissa
313 1817 375 1870 sunt,
386 1809 430 1858 hoc
440 1823 534 1872 quoque
543 1809 632 1856 bellum
638 1808 728 1872 regium
734 1825 798 1858 som.

124 1874 241 1922 mittimus

159 1937 194 1986 At
204 1939 267 1987 enim
277 1937 313 1986 vir
322 1937 471 1998 clarissimus,
477 1937 648 1986 amantissimus
655 1937 795 2000 reipublioe,

126 2003 207 2051 vestris
222 2003 338 2052 beneficiis
353 2002 501 2066 amplissimis
515 2002 618 2062 affectus,
638 2004 670 2062 Q.
689 2003 796 2062 Catulus,

127 2067 231 2132 itemque
246 2067 344 2116 summis
357 2067 497 2116 ornamentis
513 2066 614 2126 honoris,
629 2066 736 2125 fortuna,
751 2068 798 2115 vir·

127 2133 193 2192 tutis,
210 2131 298 2195 ingenii
312 2132 429 2196 proditus,
448 2131 480 2189 Q.
495 2131 641 2190 Hortensius,
657 2133 688 2180 ab
703 2131 747 2179 hsc
759 2147 797 2178 rs·

127 2196 190 2245 tione
204 2196 356 2244 dissentiuut=
380 2211 480 2260 quorum
499 2211 541 2259 ego
558 2196 716 2244 saturitatem
732 2195 796 2259 apud

127 2275 168 2309 vos
184 2262 266 2309 multis
283 2261 338 2310 locis
353 2260 482 2324 plurimum
492 2261 598 2319 valuisse,
612 2269 635 2308 at
645 2261 720 2308 valere
730 2275 798 2322 opor-

127 2333 183 2384 tere,
194 2325 320 2382 oonfitso13
337 2325 377 2373 sed
386 2326 411 2372 in
422 2324 466 2372 hnc
476 2325 554 2384 etusi,
563 2323 654 2372 umetsi
664 2322 799 2386 cognoscitis

126 2390 271 2440 auctoritates
281 2389 403 2438 eontraries
414 2389 516 2438 virorum
527 2388 703 2436 fortissimomm
718 2395 741 2433 et
750 2387 798 2434 ela-

126 2453 278 2515 rissimorum,
290 2462 376 2514 tamen,
388 2454 478 2502 omissis
487 2452 668 2511 auetoritatibus,
679 2449 730 2513 ipat
739 2466 765 2498 re
774 2459 798 2498 et

126 2519 214 2568 ratione
230 2519 350 2583 exquirere
369 2533 494 2584 possumus
510 2516 643 2572 teutatem
666 2522 737 2578 atque
753 2514 798 2562 hoe
