1850 2909
131 72 177 119 234
258 64 329 115 PRO
345 62 533 115 GLUEN'PIO.
550 65 614 115 (lsr-
626 66 665 113 66.

164 197 250 256 Qum
266 194 309 243 n»
325 202 356 255 e,
376 180 514 257 Oppianice,
532 193 802 244 mosomensem
892 217 893 232 κ

132 261 190 325 quid
204 260 292 308 fectum
307 274 355 307 esse
367 257 443 306 dieas:
462 275 533 323 quem
547 268 583 317 tu,
594 274 649 307 cum
658 259 723 307 hunc
738 260 804 307 brevi

133 334 235 388 tempore
251 333 397 372 accusaturus
411 338 478 381 esses,
497 324 600 371 Romam
616 322 736 381 deducere,
750 324 804 371 dare

133 398 269 453 potestatem
289 386 414 447 indicandi,
435 387 576 435 ineolume-
598 387 697 452 denique
716 402 804 436 servare

134 453 263 517 questioni,
279 468 367 500 servare
384 452 420 498 his
434 450 560 513 judicibus,
574 468 662 499 servare
676 451 731 499 huic
746 460 805 499 tern-
896 437 898 510 ζ

134 518 194 581 pori,
206 517 310 565 debuisti.
329 518 393 564 Nam
409 516 540 563 Stratonem
551 515 654 579 quidem,
670 516 769 577 judices,
780 516 805 563 in
898 545 899 570 ,

135 598 228 629 cruceni
238 592 316 629 aetum
326 596 374 628 esse
384 580 475 628 exsecti
485 580 564 627 scitote
574 580 670 643 lingui:
687 579 752 644 quod
766 594 806 628 ne-
899 601 900 614 π

136 660 176 693 mo
198 654 231 693 est
257 645 403 692 Larinatium
424 644 466 708 qui
487 642 584 692 nesciet
607 644 701 690 Timuit
722 644 808 692 mulier

137 724 216 757 amens
230 723 277 756 non
292 722 357 756 suam
371 708 539 767 conscientiam,
555 722 602 755 non
617 708 696 755 odium
707 708 807 755 munid-
901 711 902 734 ¹

137 789 204 838 pum,
222 788 269 820 non
286 773 374 820 famem
386 772 508 819 omniurnt
526 772 573 829 sed,
585 772 651 835 qnasi
662 786 709 820 non
726 787 807 820 omnes

138 839 188 899 ejus
199 838 287 885 sceleris
299 844 366 884 testes
380 845 454 884 essent
467 836 549 895 futuri,
561 836 593 884 sic
608 836 700 896 metuit,
711 851 742 884 ne
752 851 807 885 eon·

139 902 285 949 demnaretnr
296 900 398 949 extremi
409 901 493 948 servuli
505 916 558 948 voce
568 901 692 948 morientis.

170 966 243 1026 Quod
251 967 296 1014 hoe
303 972 444 1028 portentum,
456 964 498 1011 Dii
508 965 669 1012 immortales?
686 964 750 1039 qnod
755 973 807 1012 tan·

139 1040 190 1079 tum
208 1040 337 1078 monstrum
351 1030 376 1076 in
392 1028 446 1075 ullis
460 1029 537 1077 locis?
553 1029 616 1093 quod
630 1039 679 1076 tam
696 1029 808 1077 infestum

139 1096 212 1143 scelus
229 1104 252 1141 et
266 1096 377 1153 immane,
392 1102 433 1140 aut
449 1093 511 1140 unde
525 1102 607 1141 netum
621 1108 669 1141 esse
683 1092 807 1142 diurnus?

139 1159 196 1206 Jam
211 1159 273 1206 enim
287 1158 367 1206 videtis
382 1157 492 1220 profecto,
505 1156 602 1217 judices,
613 1172 660 1205 non
671 1157 720 1205 eine
730 1172 809 1206 neees-

139 1223 204 1270 sariis
214 1238 252 1269 me
262 1238 289 1269 ao
299 1222 408 1269 maximis
419 1221 500 1280 musis,
511 1221 623 1285 principio
633 1222 742 1269 orationis
749 1237 809 1270 mea

139 1287 169 1334 de
178 1294 252 1333 matre
262 1286 353 1333 dixisse.
371 1286 438 1333 Nihil
449 1292 483 1333 est
493 1285 555 1332 enim
566 1286 631 1344 meli,
639 1286 698 1333 nibil
709 1286 808 1347 mederis,

140 1350 202 1413 quod
212 1350 253 1397 illa
264 1364 311 1396 non
321 1352 351 1398 ab
362 1350 427 1397 initio
438 1349 487 1397 lilio
498 1350 603 1408 voluerit,
614 1350 734 1413 optaverit,
746 1350 809 1413 cogi·

139 1414 229 1472 taverit,
241 1414 344 1461 effecerit
362 1414 434 1461 Mitto
444 1414 510 1463 illam
525 1414 625 1477 primam
635 1414 736 1463 libidinis
746 1415 810 1476 inju-

139 1478 214 1525 riam:
232 1478 300 1526 mitto
317 1478 415 1527 nefarias
432 1478 510 1541 generi
526 1479 618 1541 nuptias
627 1495 634 1525 ε
655 1479 724 1526 mitto
742 1479 809 1542 tupi·

139 1543 211 1590 ditate
221 1543 301 1591 matris
311 1538 431 1607 expulsam
442 1556 472 1589 ex
487 1543 633 1589 matrimonio
646 1542 736 1590 filiamz
753 1560 808 1607 qno

139 1607 244 1655 nondum
258 1608 288 1654 ad
305 1608 402 1668 hujusce
420 1606 474 1654 vitae
487 1606 625 1669 periculum,
643 1607 682 1654 sed
698 1607 729 1655 ad
745 1622 809 1655 oom-

140 1687 212 1720 mnne
222 1672 316 1719 familiae
326 1671 431 1730 dedecus,
445 1671 597 1733 pertinebunt.
614 1671 682 1718 Nihil
692 1670 721 1719 de
730 1672 808 1720 alteris

139 1734 265 1799 Oppianici
275 1736 362 1799 nuptiis
373 1750 472 1798 querare
489 1750 590 1798 quarum
599 1735 641 1782 illa
653 1750 706 1783 cum
716 1736 808 1784 obsides

139 1800 199 1847 filios
209 1801 238 1847 ab
249 1815 276 1847 eo
286 1808 388 1847 mortuos
396 1798 525 1862 accepisset,
534 1808 585 1846 tum
595 1799 694 1861 denique
703 1799 727 1845 in
738 1798 808 1846 fauri-

140 1862 178 1909 liae
195 1864 294 1923 luctum,
314 1872 384 1927 atque
401 1863 426 1910 in
445 1862 603 1926 privignorum
622 1863 700 1922 timus,
719 1864 807 1927 nupsit.

141 1925 263 1985 Praetereo,
274 1928 337 1990 quod
347 1927 451 1974 Aurium
462 1927 589 1985 Melinum,
601 1929 667 1988 cnjus
681 1926 722 1975 illa
731 1943 807 1991 quon·

140 1990 196 2037 dam
206 2005 291 2072 sonnis,
303 1992 373 2065 paulo
383 2000 436 2039 onte
447 2006 506 2038 uxor
516 1991 604 2051 fuisset,
617 2007 672 2039 eum
682 1990 808 2055 Oppianici

141 2182 197 2230 tidie
207 2184 328 2247 superioris
339 2184 382 2232 viri
392 2183 472 2232 mortis
482 2183 575 2244 indicia,
586 2192 609 2231 et
623 2184 695 2246 spolia
704 2184 810 2232 lormna·

70 2252 73 2267 ‘
140 2262 203 2306 rum,
214 2248 306 2297 videret

174 2310 239 2360 Illud
252 2315 355 2376 primum
368 2328 459 2376 queror,
477 2312 507 2359 de
516 2312 557 2359 illo
573 2312 662 2372 melers,
674 2312 737 2375 quod
746 2326 811 2361 nnnc

79 2434 81 2441 y
141 2376 241 2439 denique
259 2378 399 2441 patefactum
417 2385 459 2434 est,
478 2376 609 2423 Fabriciani
623 2377 720 2424 veneni:
738 2377 811 2440 quod,

138 2440 189 2498 jam
205 2449 256 2487 tum
269 2440 522 2505 recens,'suspiciosnm
536 2437 631 2498 ceteris,
645 2440 701 2487 hnic
713 2440 812 2488 incredi-

140 2502 195 2561 bile,
206 2518 269 2553 nunc
276 2520 330 2553 vero
338 2512 442 2567 apertum
451 2504 503 2563 jam
509 2503 617 2551 omnibus
627 2518 654 2551 ac
660 2503 812 2552 maniiesmm

140 2565 235 2613 ridetur.
253 2568 309 2615 Non
320 2575 353 2617 est
370 2566 659 2631 profectodeilloveneno
676 2569 813 2616 celatama-
