<?xml version="1.0" encoding="UTF-8"?>
<!DOCTYPE html PUBLIC "-//W3C//DTD XHTML 1.0 Transitional//EN"
    "http://www.w3.org/TR/xhtml1/DTD/xhtml1-transitional.dtd">
<html xmlns="http://www.w3.org/1999/xhtml" xml:lang="en" lang="en">
 <head>
  <title>
</title>
<meta http-equiv="Content-Type" content="text/html;charset=utf-8" />
  <meta name='ocr-system' content='tesseract 3.04.00' />
  <meta name='ocr-capabilities' content='ocr_page ocr_carea ocr_par ocr_line ocrx_word'/>
</head>
<body>
  <div class='ocr_page' id='page_1' title='image "./operaexeditioni00ernegoog_0145.png"; bbox 0 0 1850 2909; ppageno 0'>
   <div class='ocr_carea' id='block_1_1' title="bbox 264 105 782 161">
    <p class='ocr_par' dir='ltr' id='par_1_1' title="bbox 264 105 782 161">
     <span class='ocr_line' id='line_1_1' title="bbox 264 105 782 161; baseline 0.008 -5"><span class='ocrx_word' id='word_1_1' title='bbox 264 105 333 157; x_wconf 82' lang='lat' dir='ltr'><strong>PRO</strong></span> <span class='ocrx_word' id='word_1_2' title='bbox 350 105 498 156; x_wconf 82' lang='lat' dir='ltr'>CAECINA.</span> <span class='ocrx_word' id='word_1_3' title='bbox 518 108 582 157; x_wconf 80' lang='lat' dir='ltr'><strong>Car.</strong></span> <span class='ocrx_word' id='word_1_4' title='bbox 598 109 638 157; x_wconf 76' lang='grc'><strong>36.</strong></span> <span class='ocrx_word' id='word_1_5' title='bbox 738 109 782 161; x_wconf 78' lang='grc'><strong>131</strong></span> 
     </span>
    </p>
   </div>
   <div class='ocr_carea' id='block_1_2' title="bbox 110 235 846 1774">
    <p class='ocr_par' dir='ltr' id='par_1_2' title="bbox 112 235 784 686">
     <span class='ocr_line' id='line_1_2' title="bbox 114 235 784 297; baseline 0.003 -13"><span class='ocrx_word' id='word_1_6' title='bbox 114 236 241 285; x_wconf 69' lang='lat' dir='ltr'><strong>tunsionem</strong></span> <span class='ocrx_word' id='word_1_7' title='bbox 248 235 374 285; x_wconf 85' lang='lat' dir='ltr'><strong>desiderare</strong></span> <span class='ocrx_word' id='word_1_8' title='bbox 384 239 513 297; x_wconf 84' lang='lat' dir='ltr'><strong>arbitrarer,</strong></span> <span class='ocrx_word' id='word_1_9' title='bbox 521 237 561 285; x_wconf 88' lang='lat' dir='ltr'><strong>sed</strong></span> <span class='ocrx_word' id='word_1_10' title='bbox 571 246 599 285; x_wconf 86' lang='lat' dir='ltr'><strong>ut</strong></span> <span class='ocrx_word' id='word_1_11' title='bbox 609 251 689 285; x_wconf 87' lang='lat' dir='ltr'><strong>ornnes</strong></span> <span class='ocrx_word' id='word_1_12' title='bbox 698 239 784 286; x_wconf 82' lang='lat' dir='ltr'><strong>intelli-</strong></span> 
     </span>
     <span class='ocr_line' id='line_1_3' title="bbox 112 301 784 365; baseline 0.004 -17"><span class='ocrx_word' id='word_1_13' title='bbox 112 310 201 364; x_wconf 77' lang='lat' dir='ltr'><strong>gerent,</strong></span> <span class='ocrx_word' id='word_1_14' title='bbox 218 315 260 349; x_wconf 85' lang='lat' dir='ltr'><strong>nec</strong></span> <span class='ocrx_word' id='word_1_15' title='bbox 276 302 393 350; x_wconf 68' lang='lat' dir='ltr'><strong>memmm</strong></span> <span class='ocrx_word' id='word_1_16' title='bbox 410 303 519 365; x_wconf 78' lang='lat' dir='ltr'><strong>cuiquam</strong></span> <span class='ocrx_word' id='word_1_17' title='bbox 535 301 650 349; x_wconf 77' lang='lat' dir='ltr'><strong>civitatem</strong></span> <span class='ocrx_word' id='word_1_18' title='bbox 668 317 724 359; x_wconf 84' lang='lat' dir='ltr'><strong>esse,</strong></span> <span class='ocrx_word' id='word_1_19' title='bbox 740 317 784 351; x_wconf 83' lang='lat' dir='ltr'><strong>nee</strong></span> 
     </span>
     <span class='ocr_line' id='line_1_4' title="bbox 114 365 784 429; baseline 0.003 -17"><span class='ocrx_word' id='word_1_20' title='bbox 114 365 187 412; x_wconf 86' lang='lat' dir='ltr'><strong>adimi</strong></span> <span class='ocrx_word' id='word_1_21' title='bbox 203 381 276 428; x_wconf 80' lang='lat' dir='ltr'><strong>posse.</strong></span> <span class='ocrx_word' id='word_1_22' title='bbox 294 366 347 413; x_wconf 84' lang='lat' dir='ltr'><strong>Hoc</strong></span> <span class='ocrx_word' id='word_1_23' title='bbox 357 382 411 414; x_wconf 86' lang='lat' dir='ltr'><strong>cum</strong></span> <span class='ocrx_word' id='word_1_24' title='bbox 423 382 461 414; x_wconf 90' lang='lat' dir='ltr'><strong>eos</strong></span> <span class='ocrx_word' id='word_1_25' title='bbox 471 366 528 414; x_wconf 81' lang='lat' dir='ltr'><strong>stine</strong></span> <span class='ocrx_word' id='word_1_26' title='bbox 538 365 609 423; x_wconf 88' lang='lat' dir='ltr'><strong>volui,</strong></span> <span class='ocrx_word' id='word_1_27' title='bbox 622 366 707 429; x_wconf 90' lang='lat' dir='ltr'><strong>quihus</strong></span> <span class='ocrx_word' id='word_1_28' title='bbox 717 365 784 414; x_wconf 88' lang='lat' dir='ltr'><strong>Sulla</strong></span> 
     </span>
     <span class='ocr_line' id='line_1_5' title="bbox 114 429 783 490; baseline 0.004 -15"><span class='ocrx_word' id='word_1_29' title='bbox 114 429 188 476; x_wconf 82' lang='lat' dir='ltr'><strong>voluit</strong></span> <span class='ocrx_word' id='word_1_30' title='bbox 198 429 307 490; x_wconf 83' lang='lat' dir='ltr'><strong>injuriam</strong></span> <span class='ocrx_word' id='word_1_31' title='bbox 319 431 399 490; x_wconf 85' lang='lat' dir='ltr'><strong>facere,</strong></span> <span class='ocrx_word' id='word_1_32' title='bbox 409 439 460 478; x_wconf 86' lang='lat' dir='ltr'><strong>tum</strong></span> <span class='ocrx_word' id='word_1_33' title='bbox 471 445 551 478; x_wconf 85' lang='lat' dir='ltr'><strong>omnes</strong></span> <span class='ocrx_word' id='word_1_34' title='bbox 559 438 659 487; x_wconf 77' lang='lat' dir='ltr'><strong>eeteros,</strong></span> <span class='ocrx_word' id='word_1_35' title='bbox 666 444 737 478; x_wconf 85' lang='lat' dir='ltr'><strong>novos</strong></span> <span class='ocrx_word' id='word_1_36' title='bbox 744 447 783 478; x_wconf 81' lang='lat' dir='ltr'><strong>ve-</strong></span> 
     </span>
     <span class='ocr_line' id='line_1_6' title="bbox 114 493 782 558; baseline 0.004 -19"><span class='ocrx_word' id='word_1_37' title='bbox 114 501 220 556; x_wconf 83' lang='lat' dir='ltr'><strong>teresque</strong></span> <span class='ocrx_word' id='word_1_38' title='bbox 230 493 296 541; x_wconf 85' lang='lat' dir='ltr'><strong>cives.</strong></span> <span class='ocrx_word' id='word_1_39' title='bbox 314 495 397 558; x_wconf 86' lang='lat' dir='ltr'><strong>Neque</strong></span> <span class='ocrx_word' id='word_1_40' title='bbox 412 495 474 542; x_wconf 89' lang='lat' dir='ltr'><strong>enim</strong></span> <span class='ocrx_word' id='word_1_41' title='bbox 485 495 543 542; x_wconf 85' lang='lat' dir='ltr'><strong>ratio</strong></span> <span class='ocrx_word' id='word_1_42' title='bbox 555 494 630 541; x_wconf 85' lang='lat' dir='ltr'><strong>afferri</strong></span> <span class='ocrx_word' id='word_1_43' title='bbox 639 502 721 557; x_wconf 85' lang='lat' dir='ltr'><strong>potest,</strong></span> <span class='ocrx_word' id='word_1_44' title='bbox 733 509 782 555; x_wconf 81' lang='lat' dir='ltr'><strong>eru,</strong></span> 
     </span>
     <span class='ocr_line' id='line_1_7' title="bbox 114 557 784 623; baseline 0.003 -20"><span class='ocrx_word' id='word_1_45' title='bbox 114 557 134 604; x_wconf 87' lang='lat' dir='ltr'><strong>si</strong></span> <span class='ocrx_word' id='word_1_46' title='bbox 145 557 254 620; x_wconf 79' lang='lat' dir='ltr'><strong>cuiquam</strong></span> <span class='ocrx_word' id='word_1_47' title='bbox 261 571 320 606; x_wconf 87' lang='lat' dir='ltr'><strong>novo</strong></span> <span class='ocrx_word' id='word_1_48' title='bbox 326 559 370 606; x_wconf 83' lang='lat' dir='ltr'><strong>civi</strong></span> <span class='ocrx_word' id='word_1_49' title='bbox 377 559 478 623; x_wconf 89' lang='lat' dir='ltr'><strong>potuerit</strong></span> <span class='ocrx_word' id='word_1_50' title='bbox 483 558 555 606; x_wconf 85' lang='lat' dir='ltr'><strong>adimi</strong></span> <span class='ocrx_word' id='word_1_51' title='bbox 561 559 648 616; x_wconf 78' lang='lat' dir='ltr'><strong>civitas,</strong></span> <span class='ocrx_word' id='word_1_52' title='bbox 655 572 702 605; x_wconf 88' lang='lat' dir='ltr'><strong>non</strong></span> <span class='ocrx_word' id='word_1_53' title='bbox 709 559 784 606; x_wconf 90' lang='lat' dir='ltr'><strong>omni·</strong></span> 
     </span>
     <span class='ocr_line' id='line_1_8' title="bbox 115 621 767 686; baseline 0.002 -18"><span class='ocrx_word' id='word_1_54' title='bbox 115 623 160 668; x_wconf 90' lang='lat' dir='ltr'><strong>bus</strong></span> <span class='ocrx_word' id='word_1_55' title='bbox 171 621 280 684; x_wconf 79' lang='lat' dir='ltr'><strong>patriciis,</strong></span> <span class='ocrx_word' id='word_1_56' title='bbox 292 623 399 670; x_wconf 90' lang='lat' dir='ltr'><strong>omnibus</strong></span> <span class='ocrx_word' id='word_1_57' title='bbox 409 623 574 686; x_wconf 76' lang='lat' dir='ltr'><strong>antiquissimis</strong></span> <span class='ocrx_word' id='word_1_58' title='bbox 581 623 677 679; x_wconf 80' lang='lat' dir='ltr'><strong>ciuibus,</strong></span> <span class='ocrx_word' id='word_1_59' title='bbox 688 623 767 686; x_wconf 77' lang='lat' dir='ltr'><strong>possit.</strong></span> 
     </span>
    </p>

    <p class='ocr_par' dir='ltr' id='par_1_3' title="bbox 110 685 846 1774">
     <span class='ocr_line' id='line_1_9' title="bbox 148 685 783 750; baseline 0.003 -18"><span class='ocrx_word' id='word_1_60' title='bbox 148 685 222 743; x_wconf 89' lang='lat' dir='ltr'><strong>Nam,</strong></span> <span class='ocrx_word' id='word_1_61' title='bbox 234 685 264 732; x_wconf 87' lang='lat' dir='ltr'><strong>ad</strong></span> <span class='ocrx_word' id='word_1_62' title='bbox 273 686 333 734; x_wconf 83' lang='lat' dir='ltr'><strong>hanc</strong></span> <span class='ocrx_word' id='word_1_63' title='bbox 346 687 439 750; x_wconf 89' lang='lat' dir='ltr'><strong>quidem</strong></span> <span class='ocrx_word' id='word_1_64' title='bbox 452 702 545 734; x_wconf 89' lang='lat' dir='ltr'><strong>oausam</strong></span> <span class='ocrx_word' id='word_1_65' title='bbox 556 687 615 734; x_wconf 86' lang='lat' dir='ltr'><strong>nihil</strong></span> <span class='ocrx_word' id='word_1_66' title='bbox 625 687 669 734; x_wconf 85' lang='lat' dir='ltr'><strong>hoc</strong></span> <span class='ocrx_word' id='word_1_67' title='bbox 679 687 783 750; x_wconf 84' lang='lat' dir='ltr'><strong>pertinu-</strong></span> 
     </span>
     <span class='ocr_line' id='line_1_10' title="bbox 114 749 784 814; baseline 0.003 -18"><span class='ocrx_word' id='word_1_68' title='bbox 114 749 167 807; x_wconf 86' lang='lat' dir='ltr'><strong>isse,</strong></span> <span class='ocrx_word' id='word_1_69' title='bbox 178 750 281 812; x_wconf 89' lang='lat' dir='ltr'><strong>primum</strong></span> <span class='ocrx_word' id='word_1_70' title='bbox 292 767 321 798; x_wconf 83' lang='lat' dir='ltr'><strong>ex</strong></span> <span class='ocrx_word' id='word_1_71' title='bbox 331 766 358 798; x_wconf 86' lang='lat' dir='ltr'><strong>eo</strong></span> <span class='ocrx_word' id='word_1_72' title='bbox 368 751 467 813; x_wconf 82' lang='lat' dir='ltr'><strong>intelligi</strong></span> <span class='ocrx_word' id='word_1_73' title='bbox 476 759 558 813; x_wconf 85' lang='lat' dir='ltr'><strong>potest,</strong></span> <span class='ocrx_word' id='word_1_74' title='bbox 567 751 630 814; x_wconf 92' lang='lat' dir='ltr'><strong>quod</strong></span> <span class='ocrx_word' id='word_1_75' title='bbox 636 766 676 798; x_wconf 88' lang='lat' dir='ltr'><strong>vos</strong></span> <span class='ocrx_word' id='word_1_76' title='bbox 684 752 711 798; x_wconf 72' lang='lat' dir='ltr'><strong>ei</strong></span> <span class='ocrx_word' id='word_1_77' title='bbox 721 751 751 798; x_wconf 93' lang='lat' dir='ltr'><strong>de</strong></span> <span class='ocrx_word' id='word_1_78' title='bbox 758 766 784 798; x_wconf 87' lang='lat' dir='ltr'><strong>re</strong></span> 
     </span>
     <span class='ocr_line' id='line_1_11' title="bbox 112 813 846 878; baseline 0.003 -18"><span class='ocrx_word' id='word_1_79' title='bbox 112 813 216 874; x_wconf 75' lang='lat' dir='ltr'><strong>judicare</strong></span> <span class='ocrx_word' id='word_1_80' title='bbox 224 829 270 862; x_wconf 91' lang='lat' dir='ltr'><strong>non</strong></span> <span class='ocrx_word' id='word_1_81' title='bbox 278 814 364 862; x_wconf 88' lang='lat' dir='ltr'><strong>dehetis</strong></span> <span class='ocrx_word' id='word_1_82' title='bbox 372 832 379 862; x_wconf 75' lang='lat' dir='ltr'><strong>s</strong></span> <span class='ocrx_word' id='word_1_83' title='bbox 391 815 482 874; x_wconf 85' lang='lat' dir='ltr'><strong>deinde,</strong></span> <span class='ocrx_word' id='word_1_84' title='bbox 491 816 554 878; x_wconf 91' lang='lat' dir='ltr'><strong>quod</strong></span> <span class='ocrx_word' id='word_1_85' title='bbox 562 816 628 862; x_wconf 84' lang='lat' dir='ltr'><strong>Sulla</strong></span> <span class='ocrx_word' id='word_1_86' title='bbox 635 815 683 878; x_wconf 89' lang='lat' dir='ltr'><strong>ipse</strong></span> <span class='ocrx_word' id='word_1_87' title='bbox 688 816 722 863; x_wconf 87' lang='lat' dir='ltr'><strong>ita</strong></span> <span class='ocrx_word' id='word_1_88' title='bbox 729 816 783 862; x_wconf 87' lang='lat' dir='ltr'><strong>tulit</strong></span> <span class='ocrx_word' id='word_1_89' title='bbox 844 817 846 819; x_wconf 77' lang='grc'><strong>’</strong></span> 
     </span>
     <span class='ocr_line' id='line_1_12' title="bbox 113 877 783 942; baseline 0.004 -18"><span class='ocrx_word' id='word_1_90' title='bbox 113 877 248 936; x_wconf 85' lang='lat' dir='ltr'><strong>decivitate,</strong></span> <span class='ocrx_word' id='word_1_91' title='bbox 255 889 283 926; x_wconf 88' lang='lat' dir='ltr'><strong>ut</strong></span> <span class='ocrx_word' id='word_1_92' title='bbox 293 880 463 926; x_wconf 78' lang='lat' dir='ltr'><strong>nousustulerit</strong></span> <span class='ocrx_word' id='word_1_93' title='bbox 471 879 555 926; x_wconf 89' lang='lat' dir='ltr'><strong>horum</strong></span> <span class='ocrx_word' id='word_1_94' title='bbox 563 894 624 927; x_wconf 85' lang='lat' dir='ltr'><strong>nexa</strong></span> <span class='ocrx_word' id='word_1_95' title='bbox 634 889 703 942; x_wconf 88' lang='lat' dir='ltr'><strong>atque</strong></span> <span class='ocrx_word' id='word_1_96' title='bbox 710 880 783 928; x_wconf 70' lang='lat' dir='ltr'><strong>hare-</strong></span> 
     </span>
     <span class='ocr_line' id='line_1_13' title="bbox 113 941 782 1007; baseline 0.003 -19"><span class='ocrx_word' id='word_1_97' title='bbox 113 941 204 989; x_wconf 84' lang='lat' dir='ltr'><strong>ditates.</strong></span> <span class='ocrx_word' id='word_1_98' title='bbox 226 943 300 990; x_wconf 85' lang='lat' dir='ltr'><strong>Jubet</strong></span> <span class='ocrx_word' id='word_1_99' title='bbox 314 944 376 990; x_wconf 89' lang='lat' dir='ltr'><strong>enim</strong></span> <span class='ocrx_word' id='word_1_100' title='bbox 392 943 473 990; x_wconf 89' lang='lat' dir='ltr'><strong>eodem</strong></span> <span class='ocrx_word' id='word_1_101' title='bbox 489 945 542 1004; x_wconf 88' lang='lat' dir='ltr'><strong>jure</strong></span> <span class='ocrx_word' id='word_1_102' title='bbox 558 959 615 1002; x_wconf 87' lang='lat' dir='ltr'><strong>esse,</strong></span> <span class='ocrx_word' id='word_1_103' title='bbox 633 959 680 1007; x_wconf 94' lang='lat' dir='ltr'><strong>quo</strong></span> <span class='ocrx_word' id='word_1_104' title='bbox 695 944 782 990; x_wconf 83' lang='lat' dir='ltr'><strong>fuerint</strong></span> 
     </span>
     <span class='ocr_line' id='line_1_14' title="bbox 111 1005 781 1070; baseline 0.003 -18"><span class='ocrx_word' id='word_1_105' title='bbox 111 1005 287 1062; x_wconf 56' lang='lat' dir='ltr'><strong>Ariminensem</strong></span> <span class='ocrx_word' id='word_1_106' title='bbox 305 1023 362 1070; x_wconf 88' lang='lat' dir='ltr'><strong>quos</strong></span> <span class='ocrx_word' id='word_1_107' title='bbox 374 1007 427 1070; x_wconf 90' lang='lat' dir='ltr'><strong>quis</strong></span> <span class='ocrx_word' id='word_1_108' title='bbox 443 1008 534 1070; x_wconf 77' lang='lat' dir='ltr'><strong>ignorat</strong></span> <span class='ocrx_word' id='word_1_109' title='bbox 543 1008 664 1055; x_wconf 76' lang='lat' dir='ltr'><strong>duodecim</strong></span> <span class='ocrx_word' id='word_1_110' title='bbox 681 1007 781 1054; x_wconf 68' lang='lat' dir='ltr'><strong>oolonm·</strong></span> 
     </span>
     <span class='ocr_line' id='line_1_15' title="bbox 111 1070 782 1134; baseline 0.003 -17"><span class='ocrx_word' id='word_1_111' title='bbox 111 1085 165 1117; x_wconf 82' lang='lat' dir='ltr'><strong>nrm</strong></span> <span class='ocrx_word' id='word_1_112' title='bbox 175 1070 254 1129; x_wconf 71' lang='lat' dir='ltr'><strong>fluisse,</strong></span> <span class='ocrx_word' id='word_1_113' title='bbox 266 1079 289 1118; x_wconf 90' lang='lat' dir='ltr'><strong>et</strong></span> <span class='ocrx_word' id='word_1_114' title='bbox 303 1087 317 1118; x_wconf 86' lang='lat' dir='ltr'><strong>a</strong></span> <span class='ocrx_word' id='word_1_115' title='bbox 332 1074 417 1134; x_wconf 87' lang='lat' dir='ltr'><strong>populo</strong></span> <span class='ocrx_word' id='word_1_116' title='bbox 432 1073 540 1119; x_wconf 87' lang='lat' dir='ltr'><strong>Romano</strong></span> <span class='ocrx_word' id='word_1_117' title='bbox 550 1071 692 1119; x_wconf 66' lang='lat' dir='ltr'><strong>hereditates</strong></span> <span class='ocrx_word' id='word_1_118' title='bbox 702 1087 782 1134; x_wconf 81' lang='lat' dir='ltr'><strong>oepere</strong></span> 
     </span>
     <span class='ocr_line' id='line_1_16' title="bbox 112 1134 781 1198; baseline -0.001 -16"><span class='ocrx_word' id='word_1_119' title='bbox 112 1135 234 1196; x_wconf 80' lang='lat' dir='ltr'><strong>potuisse?</strong></span> <span class='ocrx_word' id='word_1_120' title='bbox 251 1134 322 1193; x_wconf 86' lang='lat' dir='ltr'><strong>Quod</strong></span> <span class='ocrx_word' id='word_1_121' title='bbox 332 1136 352 1182; x_wconf 87' lang='lat' dir='ltr'><strong>si</strong></span> <span class='ocrx_word' id='word_1_122' title='bbox 361 1136 433 1182; x_wconf 81' lang='lat' dir='ltr'><strong>adimi</strong></span> <span class='ocrx_word' id='word_1_123' title='bbox 439 1136 519 1184; x_wconf 83' lang='lat' dir='ltr'><strong>civitas</strong></span> <span class='ocrx_word' id='word_1_124' title='bbox 529 1136 562 1183; x_wconf 78' lang='lat' dir='ltr'><strong>A·</strong></span> <span class='ocrx_word' id='word_1_125' title='bbox 575 1135 672 1183; x_wconf 77' lang='lat' dir='ltr'><strong>Caecinae</strong></span> <span class='ocrx_word' id='word_1_126' title='bbox 679 1136 730 1198; x_wconf 79' lang='lat' dir='ltr'><strong>lege</strong></span> <span class='ocrx_word' id='word_1_127' title='bbox 739 1151 781 1198; x_wconf 92' lang='lat' dir='ltr'><strong>po-</strong></span> 
     </span>
     <span class='ocr_line' id='line_1_17' title="bbox 111 1198 781 1262; baseline 0.003 -18"><span class='ocrx_word' id='word_1_128' title='bbox 111 1198 201 1256; x_wconf 79' lang='lat' dir='ltr'><strong>tuisset,</strong></span> <span class='ocrx_word' id='word_1_129' title='bbox 213 1198 287 1260; x_wconf 84' lang='lat' dir='ltr'><strong>magis</strong></span> <span class='ocrx_word' id='word_1_130' title='bbox 297 1199 479 1247; x_wconf 88' lang='lat' dir='ltr'><strong>illamrationem</strong></span> <span class='ocrx_word' id='word_1_131' title='bbox 485 1210 649 1248; x_wconf 85' lang='lat' dir='ltr'><strong>tamenomnes</strong></span> <span class='ocrx_word' id='word_1_132' title='bbox 656 1199 781 1262; x_wconf 71' lang='lat' dir='ltr'><strong>bonique-</strong></span> 
     </span>
     <span class='ocr_line' id='line_1_18' title="bbox 113 1262 780 1326; baseline 0.001 -16"><span class='ocrx_word' id='word_1_133' title='bbox 113 1277 223 1319; x_wconf 70' lang='lat' dir='ltr'><strong>manus,</strong></span> <span class='ocrx_word' id='word_1_134' title='bbox 235 1262 431 1325; x_wconf 86' lang='lat' dir='ltr'><strong>quemadmodum</strong></span> <span class='ocrx_word' id='word_1_135' title='bbox 443 1264 633 1326; x_wconf 77' lang='lat' dir='ltr'><strong>spectatissimum</strong></span> <span class='ocrx_word' id='word_1_136' title='bbox 643 1263 780 1326; x_wconf 85' lang='lat' dir='ltr'><strong>pudentissi-</strong></span> 
     </span>
     <span class='ocr_line' id='line_1_19' title="bbox 111 1326 778 1389; baseline 0.003 -17"><span class='ocrx_word' id='word_1_137' title='bbox 111 1341 226 1389; x_wconf 85' lang='lat' dir='ltr'><strong>mumque</strong></span> <span class='ocrx_word' id='word_1_138' title='bbox 236 1326 364 1386; x_wconf 87' lang='lat' dir='ltr'><strong>hominem,</strong></span> <span class='ocrx_word' id='word_1_139' title='bbox 377 1343 468 1374; x_wconf 89' lang='lat' dir='ltr'><strong>summo</strong></span> <span class='ocrx_word' id='word_1_140' title='bbox 478 1329 579 1388; x_wconf 87' lang='lat' dir='ltr'><strong>oonsilio,</strong></span> <span class='ocrx_word' id='word_1_141' title='bbox 589 1328 778 1384; x_wconf 71' lang='lat' dir='ltr'><strong>mmmlvirtute,</strong></span> 
     </span>
     <span class='ocr_line' id='line_1_20' title="bbox 112 1390 779 1454; baseline 0 -17"><span class='ocrx_word' id='word_1_142' title='bbox 112 1391 206 1437; x_wconf 73' lang='lat' dir='ltr'><strong>summi</strong></span> <span class='ocrx_word' id='word_1_143' title='bbox 216 1390 349 1438; x_wconf 82' lang='lat' dir='ltr'><strong>auctoritate</strong></span> <span class='ocrx_word' id='word_1_144' title='bbox 359 1391 483 1439; x_wconf 64' lang='lat' dir='ltr'><strong>domesticis</strong></span> <span class='ocrx_word' id='word_1_145' title='bbox 493 1391 624 1454; x_wconf 71' lang='lat' dir='ltr'><strong>preditum,</strong></span> <span class='ocrx_word' id='word_1_146' title='bbox 633 1393 735 1439; x_wconf 85' lang='lat' dir='ltr'><strong>levatum</strong></span> <span class='ocrx_word' id='word_1_147' title='bbox 743 1391 779 1437; x_wconf 90' lang='lat' dir='ltr'><strong>in-</strong></span> 
     </span>
     <span class='ocr_line' id='line_1_21' title="bbox 110 1453 775 1519; baseline 0 -18"><span class='ocrx_word' id='word_1_148' title='bbox 110 1453 183 1514; x_wconf 71' lang='lat' dir='ltr'><strong>jurii,</strong></span> <span class='ocrx_word' id='word_1_149' title='bbox 194 1454 268 1502; x_wconf 82' lang='lat' dir='ltr'><strong>civem</strong></span> <span class='ocrx_word' id='word_1_150' title='bbox 278 1455 374 1502; x_wconf 87' lang='lat' dir='ltr'><strong>retinere</strong></span> <span class='ocrx_word' id='word_1_151' title='bbox 384 1471 511 1518; x_wconf 83' lang='lat' dir='ltr'><strong>possemus,</strong></span> <span class='ocrx_word' id='word_1_152' title='bbox 520 1456 632 1519; x_wconf 88' lang='lat' dir='ltr'><strong>quamuti</strong></span> <span class='ocrx_word' id='word_1_153' title='bbox 640 1470 710 1512; x_wconf 87' lang='lat' dir='ltr'><strong>nunc,</strong></span> <span class='ocrx_word' id='word_1_154' title='bbox 722 1470 775 1501; x_wconf 89' lang='lat' dir='ltr'><strong>cum</strong></span> 
     </span>
     <span class='ocr_line' id='line_1_22' title="bbox 111 1515 778 1583; baseline -0.001 -18"><span class='ocrx_word' id='word_1_155' title='bbox 111 1515 202 1578; x_wconf 84' lang='lat' dir='ltr'><strong>dejure</strong></span> <span class='ocrx_word' id='word_1_156' title='bbox 211 1518 309 1566; x_wconf 83' lang='lat' dir='ltr'><strong>civitatis</strong></span> <span class='ocrx_word' id='word_1_157' title='bbox 320 1519 379 1565; x_wconf 91' lang='lat' dir='ltr'><strong>nihil</strong></span> <span class='ocrx_word' id='word_1_158' title='bbox 395 1521 495 1582; x_wconf 88' lang='lat' dir='ltr'><strong>potuerit</strong></span> <span class='ocrx_word' id='word_1_159' title='bbox 509 1520 640 1583; x_wconf 83' lang='lat' dir='ltr'><strong>deperdere,</strong></span> <span class='ocrx_word' id='word_1_160' title='bbox 655 1519 778 1581; x_wconf 91' lang='lat' dir='ltr'><strong>quisquam</strong></span> 
     </span>
     <span class='ocr_line' id='line_1_23' title="bbox 113 1582 779 1642; baseline -0.002 -14"><span class='ocrx_word' id='word_1_161' title='bbox 113 1582 215 1641; x_wconf 85' lang='lat' dir='ltr'><strong>exsistat,</strong></span> <span class='ocrx_word' id='word_1_162' title='bbox 227 1582 272 1630; x_wconf 87' lang='lat' dir='ltr'><strong>nisi</strong></span> <span class='ocrx_word' id='word_1_163' title='bbox 283 1583 326 1641; x_wconf 91' lang='lat' dir='ltr'><strong>tui,</strong></span> <span class='ocrx_word' id='word_1_164' title='bbox 338 1583 415 1642; x_wconf 84' lang='lat' dir='ltr'><strong>Sexte,</strong></span> <span class='ocrx_word' id='word_1_165' title='bbox 432 1584 513 1630; x_wconf 71' lang='lat' dir='ltr'><strong>nmilia</strong></span> <span class='ocrx_word' id='word_1_166' title='bbox 527 1592 550 1630; x_wconf 91' lang='lat' dir='ltr'><strong>et</strong></span> <span class='ocrx_word' id='word_1_167' title='bbox 560 1582 657 1630; x_wconf 71' lang='lat' dir='ltr'><strong>stultitiis</strong></span> <span class='ocrx_word' id='word_1_168' title='bbox 668 1590 691 1628; x_wconf 88' lang='lat' dir='ltr'><strong>et</strong></span> <span class='ocrx_word' id='word_1_169' title='bbox 701 1582 734 1627; x_wconf 91' lang='lat' dir='ltr'><strong>im</strong></span> <span class='ocrx_word' id='word_1_170' title='bbox 751 1598 779 1628; x_wconf 91' lang='lat' dir='ltr'><strong>u·</strong></span> 
     </span>
     <span class='ocr_line' id='line_1_24' title="bbox 112 1643 778 1709; baseline 0 -17"><span class='ocrx_word' id='word_1_171' title='bbox 112 1643 199 1704; x_wconf 72' lang='lat' dir='ltr'><strong>umes,</strong></span> <span class='ocrx_word' id='word_1_172' title='bbox 210 1646 252 1709; x_wconf 90' lang='lat' dir='ltr'><strong>qui</strong></span> <span class='ocrx_word' id='word_1_173' title='bbox 263 1646 316 1693; x_wconf 90' lang='lat' dir='ltr'><strong>huic</strong></span> <span class='ocrx_word' id='word_1_174' title='bbox 327 1647 442 1694; x_wconf 85' lang='lat' dir='ltr'><strong>civitatem</strong></span> <span class='ocrx_word' id='word_1_175' title='bbox 454 1648 570 1694; x_wconf 78' lang='lat' dir='ltr'><strong>ademtam</strong></span> <span class='ocrx_word' id='word_1_176' title='bbox 584 1661 632 1694; x_wconf 88' lang='lat' dir='ltr'><strong>esse</strong></span> <span class='ocrx_word' id='word_1_177' title='bbox 641 1646 708 1692; x_wconf 80' lang='lat' dir='ltr'><strong>dieat.</strong></span> <span class='ocrx_word' id='word_1_178' title='bbox 772 1646 778 1656; x_wconf 87' lang='grc'><strong>”</strong></span> 
     </span>
     <span class='ocr_line' id='line_1_25' title="bbox 112 1709 779 1774; baseline 0 -18"><span class='ocrx_word' id='word_1_179' title='bbox 112 1710 231 1772; x_wconf 85' lang='lat' dir='ltr'><strong>quoniam,</strong></span> <span class='ocrx_word' id='word_1_180' title='bbox 243 1720 417 1774; x_wconf 80' lang='lat' dir='ltr'><strong>recuperatores,</strong></span> <span class='ocrx_word' id='word_1_181' title='bbox 430 1727 498 1758; x_wconf 90' lang='lat' dir='ltr'><strong>suurn</strong></span> <span class='ocrx_word' id='word_1_182' title='bbox 511 1713 551 1772; x_wconf 81' lang='lat' dir='ltr'><strong>jus</strong></span> <span class='ocrx_word' id='word_1_183' title='bbox 563 1725 610 1758; x_wconf 90' lang='lat' dir='ltr'><strong>non</strong></span> <span class='ocrx_word' id='word_1_184' title='bbox 621 1709 727 1767; x_wconf 86' lang='lat' dir='ltr'><strong>deseruit,</strong></span> <span class='ocrx_word' id='word_1_185' title='bbox 739 1723 779 1756; x_wconf 92' lang='lat' dir='ltr'><strong>ne·</strong></span> 
     </span>
    </p>
   </div>
   <div class='ocr_carea' id='block_1_3' title="bbox 145 1774 879 1850">
    <p class='ocr_par' dir='ltr' id='par_1_4' title="bbox 145 1774 879 1850">
     <span class='ocr_line' id='line_1_26' title="bbox 145 1774 879 1850; baseline 0.012 -30"><span class='ocrx_word' id='word_1_186' title='bbox 145 1774 290 1850; x_wconf 77' lang='lat' dir='ltr'><strong>equidquam</strong></span> <span class='ocrx_word' id='word_1_187' title='bbox 298 1774 777 1839; x_wconf 71' lang='lat' dir='ltr'><strong>illiusaudaeiaepetulantiaeqneoonoessitt</strong></span> <span class='ocrx_word' id='word_1_188' title='bbox 877 1796 879 1803; x_wconf 92' lang='grc'><strong><em>·</em></strong></span> 
     </span>
    </p>
   </div>
   <div class='ocr_carea' id='block_1_4' title="bbox 106 1789 779 2670">
    <p class='ocr_par' dir='ltr' id='par_1_5' title="bbox 111 1789 778 1966">
     <span class='ocr_line' id='line_1_27' title="bbox 128 1789 144 1820; baseline 0 0"><span class='ocrx_word' id='word_1_189' title='bbox 128 1789 144 1820; x_wconf 92' lang='lat' dir='ltr'><strong>u</strong></span> 
     </span>
     <span class='ocr_line' id='line_1_28' title="bbox 111 1789 778 1902; baseline -0.001 -17"><span class='ocrx_word' id='word_1_190' title='bbox 111 1789 246 1902; x_wconf 73' lang='lat' dir='ltr'><strong>derelinquo</strong></span> <span class='ocrx_word' id='word_1_191' title='bbox 254 1854 304 1900; x_wconf 82' lang='lat' dir='ltr'><strong>Jam</strong></span> <span class='ocrx_word' id='word_1_192' title='bbox 314 1854 462 1887; x_wconf 83' lang='lat' dir='ltr'><strong>communem</strong></span> <span class='ocrx_word' id='word_1_193' title='bbox 475 1855 575 1899; x_wconf 86' lang='lat' dir='ltr'><strong>oausam,</strong></span> <span class='ocrx_word' id='word_1_194' title='bbox 592 1837 719 1901; x_wconf 87' lang='lat' dir='ltr'><strong>populique</strong></span> <span class='ocrx_word' id='word_1_195' title='bbox 729 1839 778 1885; x_wconf 87' lang='lat' dir='ltr'><strong>Ro-</strong></span> 
     </span>
     <span class='ocr_line' id='line_1_29' title="bbox 111 1901 660 1966; baseline 0.002 -18"><span class='ocrx_word' id='word_1_196' title='bbox 111 1901 177 1948; x_wconf 87' lang='lat' dir='ltr'><strong>mani</strong></span> <span class='ocrx_word' id='word_1_197' title='bbox 185 1903 223 1962; x_wconf 85' lang='lat' dir='ltr'><strong>jus</strong></span> <span class='ocrx_word' id='word_1_198' title='bbox 233 1902 259 1950; x_wconf 89' lang='lat' dir='ltr'><strong>in</strong></span> <span class='ocrx_word' id='word_1_199' title='bbox 269 1902 343 1951; x_wconf 68' lang='lat' dir='ltr'><strong>vestri</strong></span> <span class='ocrx_word' id='word_1_200' title='bbox 353 1903 399 1951; x_wconf 85' lang='lat' dir='ltr'><strong>fide</strong></span> <span class='ocrx_word' id='word_1_201' title='bbox 408 1919 435 1951; x_wconf 84' lang='lat' dir='ltr'><strong>ac</strong></span> <span class='ocrx_word' id='word_1_202' title='bbox 445 1903 554 1966; x_wconf 78' lang='lat' dir='ltr'><strong>religione</strong></span> <span class='ocrx_word' id='word_1_203' title='bbox 564 1904 660 1966; x_wconf 86' lang='lat' dir='ltr'><strong>depono.</strong></span> 
     </span>
    </p>

    <p class='ocr_par' dir='ltr' id='par_1_6' title="bbox 110 1965 779 2347">
     <span class='ocr_line' id='line_1_30' title="bbox 146 1965 779 2031; baseline -0.002 -17"><span class='ocrx_word' id='word_1_204' title='bbox 146 1965 268 2016; x_wconf 84' lang='lat' dir='ltr'><strong>XXXVI·</strong></span> <span class='ocrx_word' id='word_1_205' title='bbox 286 1967 311 2014; x_wconf 88' lang='lat' dir='ltr'><strong>ls</strong></span> <span class='ocrx_word' id='word_1_206' title='bbox 321 1967 391 2014; x_wconf 91' lang='lat' dir='ltr'><strong>homo</strong></span> <span class='ocrx_word' id='word_1_207' title='bbox 401 1967 434 2015; x_wconf 87' lang='lat' dir='ltr'><strong>ita</strong></span> <span class='ocrx_word' id='word_1_208' title='bbox 451 1985 475 2015; x_wconf 90' lang='lat' dir='ltr'><strong>se</strong></span> <span class='ocrx_word' id='word_1_209' title='bbox 489 1970 611 2031; x_wconf 88' lang='lat' dir='ltr'><strong>probatum</strong></span> <span class='ocrx_word' id='word_1_210' title='bbox 622 1967 685 2014; x_wconf 86' lang='lat' dir='ltr'><strong>vobis</strong></span> <span class='ocrx_word' id='word_1_211' title='bbox 700 1967 779 2014; x_wconf 86' lang='lat' dir='ltr'><strong>vestri-</strong></span> 
     </span>
     <span class='ocr_line' id='line_1_31' title="bbox 110 2030 779 2094; baseline 0 -17"><span class='ocrx_word' id='word_1_212' title='bbox 110 2045 159 2094; x_wconf 91' lang='lat' dir='ltr'><strong>que</strong></span> <span class='ocrx_word' id='word_1_213' title='bbox 170 2030 282 2078; x_wconf 87' lang='lat' dir='ltr'><strong>simihhus</strong></span> <span class='ocrx_word' id='word_1_214' title='bbox 293 2046 382 2094; x_wconf 87' lang='lat' dir='ltr'><strong>semper</strong></span> <span class='ocrx_word' id='word_1_215' title='bbox 392 2032 473 2089; x_wconf 82' lang='lat' dir='ltr'><strong>voluit,</strong></span> <span class='ocrx_word' id='word_1_216' title='bbox 485 2040 512 2078; x_wconf 90' lang='lat' dir='ltr'><strong>ut</strong></span> <span class='ocrx_word' id='word_1_217' title='bbox 522 2032 546 2079; x_wconf 94' lang='lat' dir='ltr'><strong>id</strong></span> <span class='ocrx_word' id='word_1_218' title='bbox 556 2047 602 2078; x_wconf 92' lang='lat' dir='ltr'><strong>non</strong></span> <span class='ocrx_word' id='word_1_219' title='bbox 612 2031 690 2078; x_wconf 85' lang='lat' dir='ltr'><strong>minue</strong></span> <span class='ocrx_word' id='word_1_220' title='bbox 699 2031 724 2076; x_wconf 89' lang='lat' dir='ltr'><strong>in</strong></span> <span class='ocrx_word' id='word_1_221' title='bbox 735 2031 779 2077; x_wconf 84' lang='lat' dir='ltr'><strong>hae</strong></span> 
     </span>
     <span class='ocr_line' id='line_1_32' title="bbox 110 2093 778 2158; baseline -0.001 -16"><span class='ocrx_word' id='word_1_222' title='bbox 110 2093 180 2142; x_wconf 70' lang='lat' dir='ltr'><strong>must</strong></span> <span class='ocrx_word' id='word_1_223' title='bbox 190 2095 313 2151; x_wconf 68' lang='lat' dir='ltr'><strong>labothritt</strong></span> <span class='ocrx_word' id='word_1_224' title='bbox 331 2109 372 2142; x_wconf 88' lang='lat' dir='ltr'><strong>nec</strong></span> <span class='ocrx_word' id='word_1_225' title='bbox 383 2095 523 2142; x_wconf 87' lang='lat' dir='ltr'><strong>contenderit</strong></span> <span class='ocrx_word' id='word_1_226' title='bbox 533 2095 604 2148; x_wconf 66' lang='lat' dir='ltr'><strong>aliud,</strong></span> <span class='ocrx_word' id='word_1_227' title='bbox 616 2110 687 2158; x_wconf 86' lang='lat' dir='ltr'><strong>quam</strong></span> <span class='ocrx_word' id='word_1_228' title='bbox 701 2108 731 2141; x_wconf 90' lang='lat' dir='ltr'><strong>ne</strong></span> <span class='ocrx_word' id='word_1_229' title='bbox 738 2096 778 2155; x_wconf 81' lang='lat' dir='ltr'><strong>jus</strong></span> 
     </span>
     <span class='ocr_line' id='line_1_33' title="bbox 110 2158 778 2221; baseline -0.001 -14"><span class='ocrx_word' id='word_1_230' title='bbox 110 2173 180 2207; x_wconf 91' lang='lat' dir='ltr'><strong>suum</strong></span> <span class='ocrx_word' id='word_1_231' title='bbox 191 2158 298 2207; x_wconf 87' lang='lat' dir='ltr'><strong>dissolute</strong></span> <span class='ocrx_word' id='word_1_232' title='bbox 308 2159 435 2221; x_wconf 86' lang='lat' dir='ltr'><strong>relinquere</strong></span> <span class='ocrx_word' id='word_1_233' title='bbox 443 2158 565 2218; x_wconf 86' lang='lat' dir='ltr'><strong>videretur,</strong></span> <span class='ocrx_word' id='word_1_234' title='bbox 576 2174 618 2206; x_wconf 88' lang='lat' dir='ltr'><strong>neo</strong></span> <span class='ocrx_word' id='word_1_235' title='bbox 627 2159 705 2206; x_wconf 92' lang='lat' dir='ltr'><strong>minus</strong></span> <span class='ocrx_word' id='word_1_236' title='bbox 715 2173 778 2206; x_wconf 88' lang='lat' dir='ltr'><strong>vere·</strong></span> 
     </span>
     <span class='ocr_line' id='line_1_34' title="bbox 110 2223 776 2286; baseline -0.005 -15"><span class='ocrx_word' id='word_1_237' title='bbox 110 2232 182 2281; x_wconf 85' lang='lat' dir='ltr'><strong>retur,</strong></span> <span class='ocrx_word' id='word_1_238' title='bbox 194 2237 223 2270; x_wconf 88' lang='lat' dir='ltr'><strong>ue</strong></span> <span class='ocrx_word' id='word_1_239' title='bbox 234 2230 376 2270; x_wconf 86' lang='lat' dir='ltr'><strong>contemnere</strong></span> <span class='ocrx_word' id='word_1_240' title='bbox 387 2223 521 2284; x_wconf 83' lang='lat' dir='ltr'><strong>AEhutium,</strong></span> <span class='ocrx_word' id='word_1_241' title='bbox 530 2238 601 2286; x_wconf 88' lang='lat' dir='ltr'><strong>quam</strong></span> <span class='ocrx_word' id='word_1_242' title='bbox 608 2238 637 2270; x_wconf 90' lang='lat' dir='ltr'><strong>ne</strong></span> <span class='ocrx_word' id='word_1_243' title='bbox 647 2224 677 2270; x_wconf 90' lang='lat' dir='ltr'><strong>ab</strong></span> <span class='ocrx_word' id='word_1_244' title='bbox 687 2237 715 2269; x_wconf 90' lang='lat' dir='ltr'><strong>eo</strong></span> <span class='ocrx_word' id='word_1_245' title='bbox 722 2236 776 2269; x_wconf 88' lang='lat' dir='ltr'><strong>oon·</strong></span> 
     </span>
     <span class='ocr_line' id='line_1_35' title="bbox 110 2286 446 2347; baseline -0.006 -12"><span class='ocrx_word' id='word_1_246' title='bbox 110 2294 195 2336; x_wconf 85' lang='lat' dir='ltr'><strong>temtus</strong></span> <span class='ocrx_word' id='word_1_247' title='bbox 206 2301 262 2347; x_wconf 89' lang='lat' dir='ltr'><strong>esse,</strong></span> <span class='ocrx_word' id='word_1_248' title='bbox 273 2286 446 2335; x_wconf 81' lang='lat' dir='ltr'><strong>existimaretur.</strong></span> 
     </span>
    </p>

    <p class='ocr_par' dir='ltr' id='par_1_7' title="bbox 106 2347 776 2670">
     <span class='ocr_line' id='line_1_36' title="bbox 140 2347 776 2414; baseline -0.006 -16"><span class='ocrx_word' id='word_1_249' title='bbox 140 2352 296 2414; x_wconf 72' lang='lat' dir='ltr'><strong>Quapropter,</strong></span> <span class='ocrx_word' id='word_1_250' title='bbox 308 2350 327 2398; x_wconf 87' lang='lat' dir='ltr'><strong>si</strong></span> <span class='ocrx_word' id='word_1_251' title='bbox 335 2350 391 2414; x_wconf 86' lang='lat' dir='ltr'><strong>quid</strong></span> <span class='ocrx_word' id='word_1_252' title='bbox 402 2359 467 2398; x_wconf 83' lang='lat' dir='ltr'><strong>extra</strong></span> <span class='ocrx_word' id='word_1_253' title='bbox 475 2351 589 2412; x_wconf 82' lang='lat' dir='ltr'><strong>judicium</strong></span> <span class='ocrx_word' id='word_1_254' title='bbox 605 2360 647 2409; x_wconf 83' lang='lat' dir='ltr'><strong>est,</strong></span> <span class='ocrx_word' id='word_1_255' title='bbox 661 2347 776 2412; x_wconf 89' lang='lat' dir='ltr'><strong>quod&#39;ho-</strong></span> 
     </span>
     <span class='ocr_line' id='line_1_37' title="bbox 106 2411 775 2472; baseline -0.007 -8"><span class='ocrx_word' id='word_1_256' title='bbox 106 2415 167 2464; x_wconf 90' lang='lat' dir='ltr'><strong>mini</strong></span> <span class='ocrx_word' id='word_1_257' title='bbox 185 2414 333 2468; x_wconf 84' lang='lat' dir='ltr'><strong>tribuendum</strong></span> <span class='ocrx_word' id='word_1_258' title='bbox 351 2415 395 2470; x_wconf 84' lang='lat' dir='ltr'><strong>sit;</strong></span> <span class='ocrx_word' id='word_1_259' title='bbox 418 2415 507 2462; x_wconf 86' lang='lat' dir='ltr'><strong>habetis</strong></span> <span class='ocrx_word' id='word_1_260' title='bbox 523 2415 642 2462; x_wconf 87' lang='lat' dir='ltr'><strong>hominem</strong></span> <span class='ocrx_word' id='word_1_261' title='bbox 664 2411 775 2472; x_wconf 74' lang='lat' dir='ltr'><strong>singulari</strong></span> 
     </span>
     <span class='ocr_line' id='line_1_38' title="bbox 107 2474 775 2546; baseline -0.009 -18"><span class='ocrx_word' id='word_1_262' title='bbox 107 2480 204 2544; x_wconf 83' lang='lat' dir='ltr'><strong>pudore,</strong></span> <span class='ocrx_word' id='word_1_263' title='bbox 216 2479 299 2528; x_wconf 75' lang='lat' dir='ltr'><strong>virtme</strong></span> <span class='ocrx_word' id='word_1_264' title='bbox 306 2478 406 2540; x_wconf 70' lang='lat' dir='ltr'><strong>segniti,</strong></span> <span class='ocrx_word' id='word_1_265' title='bbox 418 2488 441 2526; x_wconf 90' lang='lat' dir='ltr'><strong>et</strong></span> <span class='ocrx_word' id='word_1_266' title='bbox 451 2479 552 2542; x_wconf 60' lang='lat' dir='ltr'><strong>spectate</strong></span> <span class='ocrx_word' id='word_1_267' title='bbox 561 2478 615 2535; x_wconf 85' lang='lat' dir='ltr'><strong>fide,</strong></span> <span class='ocrx_word' id='word_1_268' title='bbox 627 2474 775 2546; x_wconf 73' lang='lat' dir='ltr'><strong>atnplissimis</strong></span> 
     </span>
     <span class='ocr_line' id='line_1_39' title="bbox 106 2541 774 2603; baseline -0.018 -10"><span class='ocrx_word' id='word_1_269' title='bbox 106 2544 162 2592; x_wconf 76' lang='lat' dir='ltr'><strong>viris</strong></span> <span class='ocrx_word' id='word_1_270' title='bbox 180 2543 279 2592; x_wconf 78' lang='lat' dir='ltr'><strong>lltruriae</strong></span> <span class='ocrx_word' id='word_1_271' title='bbox 295 2543 364 2590; x_wconf 87' lang='lat' dir='ltr'><strong>totius</strong></span> <span class='ocrx_word' id='word_1_272' title='bbox 382 2543 406 2588; x_wconf 92' lang='lat' dir='ltr'><strong>in</strong></span> <span class='ocrx_word' id='word_1_273' title='bbox 425 2543 524 2603; x_wconf 72' lang='lat' dir='ltr'><strong>unaque</strong></span> <span class='ocrx_word' id='word_1_274' title='bbox 541 2541 635 2587; x_wconf 73' lang='lat' dir='ltr'><strong>fortuni</strong></span> <span class='ocrx_word' id='word_1_275' title='bbox 656 2546 774 2598; x_wconf 80' lang='lat' dir='ltr'><strong>mgnrtum</strong></span> 
     </span>
     <span class='ocr_line' id='line_1_40' title="bbox 107 2599 773 2670; baseline -0.017 -15"><span class='ocrx_word' id='word_1_276' title='bbox 107 2607 187 2655; x_wconf 84' lang='lat' dir='ltr'><strong>multis</strong></span> <span class='ocrx_word' id='word_1_277' title='bbox 204 2607 273 2670; x_wconf 83' lang='lat' dir='ltr'><strong>signis</strong></span> <span class='ocrx_word' id='word_1_278' title='bbox 288 2615 310 2656; x_wconf 91' lang='lat' dir='ltr'><strong>et</strong></span> <span class='ocrx_word' id='word_1_279' title='bbox 321 2607 410 2655; x_wconf 75' lang='lat' dir='ltr'><strong>virtutis</strong></span> <span class='ocrx_word' id='word_1_280' title='bbox 424 2615 447 2653; x_wconf 89' lang='lat' dir='ltr'><strong>et</strong></span> <span class='ocrx_word' id='word_1_281' title='bbox 463 2603 620 2652; x_wconf 86' lang='lat' dir='ltr'><strong>humanitatis.</strong></span> <span class='ocrx_word' id='word_1_282' title='bbox 644 2599 737 2662; x_wconf 86' lang='lat' dir='ltr'><strong>Siquid</strong></span> <span class='ocrx_word' id='word_1_283' title='bbox 748 2600 773 2645; x_wconf 92' lang='lat' dir='ltr'><strong>in</strong></span> 
     </span>
    </p>
   </div>
   <div class='ocr_carea' id='block_1_5' title="bbox 0 0 930 2909">
    <p class='ocr_par' dir='ltr' id='par_1_8' title="bbox 0 0 930 2909">
     <span class='ocr_line' id='line_1_41' title="bbox 0 0 930 2909; baseline 0 2"><span class='ocrx_word' id='word_1_284' title='bbox 0 0 930 2909; x_wconf 95' lang='lat' dir='ltr'><strong> </strong></span> 
     </span>
    </p>
   </div>
  </div>
 </body>
</html>
