1850 2909
249 110 331 160 ,rso
344 107 505 176 nunnus
523 107 586 156 oss.
599 107 640 156 no.
739 107 787 157 ns

115 253 173 302 pus,
180 239 308 302 gratimus
319 241 344 289 id
352 241 395 290 erit
404 240 454 300 ejus
460 237 540 286 vitrico
547 235 624 284 fraudi
635 243 675 284 sut
681 235 786 284 oriminis

116 318 172 361 nec,
183 303 203 351 si
212 304 277 367 virgo
287 305 394 364 Vestalis,
401 303 472 364 hujus
483 301 613 365 propinque
623 310 646 348 et
655 301 788 360 nenessnn's,

117 367 199 414 locum
208 383 278 416 suum
287 369 448 433 gladbtorinm
458 365 566 414 concessit
580 363 642 425 huie,
654 378 700 412 non
715 373 738 412 et
748 365 789 412 illa

118 431 160 493 pie
169 431 231 490 iecit,
243 441 266 480 et
275 434 313 482 hic
321 451 335 481 e
342 432 410 497 culpi
417 441 451 480 est
458 438 567 480 remotus.
585 428 673 476 Omnia
679 429 728 476 haee
734 437 789 476 sunt

117 495 195 542 officie
209 499 394 557 neeessmiorum,
413 494 534 544 oommode
549 493 688 554 tenuiorum,
708 494 789 542 munis

117 560 300 611 candidatorum.

152 622 189 671 At
198 625 260 674 enim
270 627 320 689 ugit
328 641 420 675 meeum
431 633 520 674 austere
530 633 554 672 et
569 625 645 673 Stoioe
655 623 721 672 Ceto.
738 625 788 672 Ne-

118 697 162 763 get
179 704 260 740 verum
275 707 332 748 me,
350 691 412 738 allisi
429 688 610 738 benevolentium
626 689 693 736 cibo:
710 700 788 753 neget,

117 752 232 812 Judiu'um
243 754 365 804 hominum
375 755 400 802 in
410 754 580 817 magistratibus
594 752 731 802 mandandis
741 771 790 803 oor·

113 817 200 880 rumpi
210 819 366 882 voluptatibus
375 828 485 882 oportere.
500 819 573 880 Ergo,
584 819 613 865 ed
624 833 720 876 coensm,
731 819 790 882 peti-

120 880 273 940 tioniseuusd,
284 883 363 947 siquis
368 891 441 941 voest,
452 883 624 930 condemnetur.
642 882 744 946 Quippe,
753 884 790 931 in.

120 946 182 1008 quit,
193 955 220 994 tu
230 947 289 994 mihi
296 962 415 996 summum
422 947 556 1010 imperium,
565 961 681 994 summam
692 949 790 994 auetori-

121 1018 204 1068 tutem,
215 1019 242 1058 tu
252 1014 406 1073 gubauneulu
416 1012 547 1074 reipublicae
555 1019 628 1074 petes,
639 1011 741 1058 fovendis
748 1011 790 1058 ho-

120 1074 215 1120 minum
223 1075 334 1125 sensibus.
345 1085 368 1125 et
377 1076 516 1124 deleniendis
522 1074 613 1131 animis,
623 1083 646 1122 et
656 1075 791 1124 adhibendis

121 1138 299 1200 voluptatibus?
311 1140 397 1191 Utrum
406 1141 554 1200 lenocinium,
562 1139 646 1201 inquit,
654 1154 668 1186 a
675 1155 744 1202 grege
751 1140 791 1188 de·

122 1202 198 1250 licetne
211 1204 347 1263 juventutis,
357 1219 387 1252 en
398 1205 459 1252 orbis
469 1213 580 1252 terrerum
591 1203 713 1266 imperium
725 1220 740 1250 a
749 1219 791 1267 po.

122 1267 181 1329 pulo
191 1267 307 1326 Romano,
318 1271 430 1331 petebas?
447 1268 572 1316 Horribilis
582 1266 669 1315 oratioe
687 1268 725 1316 sed
739 1284 791 1316 enm

124 1345 189 1388 usus,
200 1331 255 1389 vitu,
266 1347 349 1390 mores,
360 1333 438 1380 einins
447 1332 498 1395 ipse
508 1333 601 1396 respuit.
619 1332 704 1394 Neque
713 1341 792 1380 temen

124 1392 302 1451 Iueedaemonii,
324 1405 427 1444 suctores
444 1397 509 1444 istius
524 1398 576 1445 vitae
590 1407 659 1460 etque
675 1396 791 1457 orationis,

125 1457 168 1521 qui
182 1459 320 1521 quotidianis
332 1461 405 1523 epulis
415 1462 440 1508 iu
450 1463 530 1508 robore
546 1463 699 1516 soeumbunt3
716 1475 792 1524 neque

125 1537 180 1571 vero
190 1524 276 1582 Cretes,
288 1540 387 1587 quorum
395 1540 463 1572 nemo
474 1525 574 1586 gusnvit
584 1539 688 1587 unquam
697 1526 791 1582 rubens,

124 1587 217 1645 melius,
229 1603 299 1650 quam
311 1590 412 1656 Romani
422 1589 535 1645 homines,
546 1589 588 1652 qui
598 1597 701 1650 tempore
711 1588 793 1650 volup-

124 1651 179 1700 tatis
188 1652 318 1716 laborisque
327 1653 473 1716 dispertiunt,
484 1653 622 1715 respublicas
633 1667 684 1699 sues
695 1651 794 1700 retinue-

124 1725 196 1764 ruutr
213 1731 312 1778 quorum
327 1718 400 1774 elteri,
411 1733 459 1765 uno
468 1717 574 1765 sdventu
587 1715 660 1764 nostri
674 1715 793 1774 exercitiis,

125 1779 195 1828 deleti
205 1790 274 1836 eunte
286 1781 352 1828 elteri
361 1782 432 1829 nostri
439 1781 531 1844 imperii
540 1780 644 1845 prasidio
650 1779 795 1843 dissiplinem

124 1859 263 1955 mdlxxv
278 1857 458 1969 ηἰὶῖιοιηᾞῒ
473 1909 540 1970 Cato,
559 1911 675 1970 meJorum
689 1908 794 1958 institute

127 1975 192 2048 (quie
201 1989 237 2022 res
245 1973 305 2036 ipse,
323 1989 377 2036 quae
389 1975 528 2022 diuturnitas
546 1972 636 2036 imperii
650 1976 793 2037 comprobet)

126 2036 227 2086 nimium
238 2038 423 2085 severiorstione
431 2039 600 2102 reprehendere.
617 2037 674 2085 Fuit
680 2038 758 2084 eodem
765 2053 795 2085 ex

123 2101 205 2149 studio
215 2103 250 2149 vir
265 2102 376 2161 eruditus,
387 2103 449 2164 apud
459 2111 535 2166 putres
546 2111 642 2160 nostros,
654 2109 677 2149 et
686 2101 795 2149 honestus

128 2165 199 2212 bomo
215 2174 239 2214 et
254 2166 346 2220 nobilis,
358 2166 391 2225 Q.
403 2166 505 2214 Tubero.
530 2167 563 2224 Is,
579 2182 633 2214 cum
648 2166 743 2228 epulum
760 2165 793 2223 Q.

128 2228 259 2288 Maximus,
270 2228 376 2278 Afrieeui
392 2232 469 2294 putrui
485 2232 521 2280 sui
536 2230 637 2288 nomine,
649 2229 735 2292 populo
746 2230 796 2276 Ro·

126 2292 276 2354 munoderet,
287 2303 380 2358 rogetus
388 2304 442 2343 este
449 2295 566 2354 Maximo,
573 2303 600 2341 ut
606 2293 730 2368 biclinium
739 2302 796 2342 ster·

128 2486 208 2533 stravit
222 2487 334 2549 pelliculis
349 2487 446 2535 haedinis
460 2488 555 2536 lectulos
566 2487 705 2541 Punicanos,
722 2493 745 2532 et
755 2499 796 2532 ex·

128 2549 205 2613 posuit
215 2551 365 2607 veseSemine
374 2553 441 2615 quusi
449 2551 687 2614 veroes'setDiogenes
694 2548 795 2612 Cynicus

127 2615 704 2674 mormudetuoudiriuibotuinisAfrieeuimers
714 2613 795 2663 neres
