1850 2909
151 75 196 122 180
282 73 352 122 PRO
369 71 556 122 cnUEN'rIo.
573 71 639 120 Cur.
652 73 689 121 ru.

183 201 244 249 Satio
255 217 303 250 eoae
313 202 410 250 arbitror
419 202 612 259 monstratum,
624 200 722 262 judica,
736 199 766 248 iia
775 198 823 248 cri·

149 265 252 314 minibus
262 274 393 314 accusatum
405 281 452 314 esse
515 265 625 325 ionicum,
637 274 665 313 ut
674 265 770 313 honeste
780 265 825 312 ab·

150 330 209 378 solvi
219 331 360 378 nullomodo
370 330 477 394 potuerit.
515 329 629 393 agnoscite
639 344 702 377 nunc
711 330 745 377 ita
754 343 825 376 reum

151 394 247 442 citatum
256 411 303 443 ease
313 395 390 454 ilium,
399 403 434 453 ut,
445 409 471 441 re
481 396 552 442 semel
562 403 632 457 atque
641 395 726 442 iterum
736 395 826 458 praeiu-

151 457 235 517 dimo,
247 459 412 506 condemnatur
419 459 444 505 in
452 459 568 520 judicium
576 459 670 505 venerit.
689 459 754 506 Natu
764 457 825 505 clu-

151 523 235 582 entiua‚
242 524 339 584 judicer,
350 523 454 587 primum
464 537 548 571 nomen
559 524 610 584 ejus
617 522 708 580 deurlit
720 523 787 584 cujua
796 520 825 568 in

150 587 258 635 manibus
265 602 379 635 venenum
387 587 574 650 deprehenderat.
586 584 611 633 Ie
618 587 769 634 erathirertua
775 585 823 633 Fe·

150 651 283 710 briciorum‚
295 651 440 700 Scamander.
461 650 582 714 Integrum
592 651 729 698 consilium:
739 648 823 712 judieii

150 716 251 778 corrupti
260 715 327 763 nulla
337 715 435 779 suspicio
444 734 450 763 ι
469 716 569 780 simplex
582 715 608 762 in
617 715 733 776 judicium
743 730 823 772 cauea,

149 788 261 838 certares,
273 795 353 828 rerum
364 781 450 828 crimen
461 781 558 839 allamm
568 788 610 828 eet.
626 779 734 828 Hictum
739 779 825 827 Febri-

151 843 208 901 ciua,
222 844 261 908 (is,
273 844 302 892 de
313 860 359 908 quo
365 853 419 892 ante
429 844 490 906 dixi)
499 845 549 909 qui,
560 845 642 892 liberto
648 843 766 900 damnem,
778 842 824 891 sibi

151 908 212 955 illud
222 909 354 972 impendere
364 909 494 984 periculum
505 909 607 966 rideret3
624 908 687 972 quod
696 908 756 956 milri
766 923 824 956 cum

152 973 319 1022 Aletrinatibus
330 973 479 1033 nouitatem,
497 982 521 1021 et
537 988 591 1021 cum
607 972 723 1037 pleriaque
740 986 822 1020 eorum

148 1036 822 1166 tffiffitt‘tffitttqffitmtttt

149 1181 239 1214 necesse
249 1176 305 1224 erat,
317 1166 494 1223 existimabantc
510 1175 597 1225 tameo,
606 1165 669 1229 quod
683 1174 733 1213 erat
742 1181 773 1213 ex
783 1180 824 1213 eo-

149 1230 203 1277 dem
218 1231 352 1294 municipio,
371 1245 420 1278 ouae
440 1230 559 1294 dignitatis
576 1245 624 1278 aare
641 1230 822 1289 arbitrabantur,

149 1311 212 1352 eum,
224 1296 309 1359 quibus
319 1297 387 1343 rebus
397 1303 498 1358 poseant,
510 1294 645 1342 defendere:
662 1294 733 1357 idque
747 1311 762 1342 a
772 1309 821 1353 me,

149 1368 176 1407 ut
184 1360 289 1418 facerem,
307 1370 330 1408 et
340 1370 367 1407 ut
377 1375 470 1407 causam
482 1359 616 1407 Scamandri
624 1359 771 1422 auaciperem‚
780 1374 823 1422 pe·

148 1427 242 1472 tabant:
260 1425 285 1471 in
295 1425 343 1487 qui
351 1424 420 1472 cauria
430 1423 521 1487 patroni
531 1438 600 1470 omne
610 1423 739 1487 periculum
747 1422 822 1470 conti-

149 1491 254 1538 nebatur.
277 1489 338 1551 Ego,
348 1489 389 1553 qui
403 1503 478 1552 neque
492 1488 547 1546 illia,
558 1487 643 1536 talibus
652 1487 715 1548 viria,
731 1503 759 1536 ec
771 1497 822 1535 tem

150 1555 282 1602 amantibus
292 1554 347 1612 mei,
359 1567 407 1600 rem
417 1568 508 1616 pom
518 1553 592 1599 ullam
603 1567 695 1615 negare,
706 1567 783 1616 neque
792 1553 824 1599 il·
923 1602 924 1617 χ

147 1617 190 1666 lud
198 1619 283 1667 crimen
292 1627 383 1666 tantum
391 1633 419 1666 ec
426 1626 474 1664 tam
481 1615 630 1664 manifestum
637 1631 685 1664 eoae
691 1616 821 1675 arbitrarer,

149 1683 219 1746 (sicut
230 1682 400 1746 neilliquidem
409 1682 463 1744 ipsi,
470 1681 512 1745 qui
518 1681 577 1728 mihi
588 1690 640 1728 tum
650 1680 715 1728 iilam
726 1696 821 1728 caueam
922 1700 923 1707 ¹

147 1747 347 1822 commendabant,
355 1744 536 1806 arbitrabantur)
544 1745 661 1808 pollicitus
670 1745 699 1793 iia
709 1760 771 1805 sum,
782 1760 823 1793 me

147 1810 629 1938 omii'liiaeligligi'giiefflsstm
637 1883 671 1922 est
681 1872 823 1923 &munder

61 1967 65 1976 .
148 1955 208 1987 reus.
227 1939 358 1986 Accusabat
368 1939 396 1985 P.
411 1937 535 1997 Canutius,
546 1939 617 1987 homo
630 1939 656 1987 in
666 1938 747 2002 primh
756 1938 823 2001 3¹¹8*

145 2004 232 2062 niosus,
244 2012 267 2051 et
277 2003 302 2049 in
319 2001 416 2050 dicendo
434 2003 585 2052 exercitatior
603 2004 725 2051 enarrabat
741 2011 821 2050 autem

146 2069 185 2115 ille
196 2068 291 2132 quidem
297 2067 466 2117 Scamandrum
473 2068 548 2117 verbio
556 2067 638 2127 tribua,
647 2081 763 2115 venenum
771 2083 821 2115 caea

145 2132 328 2196 deprehensum:
347 2131 425 2179 omnia
435 2133 482 2180 tela
492 2132 562 2180 totius
571 2131 721 2179 accusationis
731 2133 756 2180 in
768 2131 821 2196 Op-
917 2140 918 2155 ³

145 2198 262 2261 pinnicum
280 2196 475 2258 conjiciebanturz
493 2197 638 2260 aperiebatur
647 2211 716 2244 cauae
725 2195 821 2244 incidia-
916 2240 917 2243 ,

145 2277 215 2310 rum:
242 2261 400 2309 Fabriciomm
418 2260 563 2309 familiaritas
579 2261 820 2308 commemorabatur:

145 2326 247 2374 hmninis
265 2325 310 2373 rita
321 2333 344 2372 et
354 2325 450 2374 audacia
464 2325 635 2388 proferebatur:
652 2325 821 2436 denfflueexmurer:

145 2394 181 2439 nis
200 2390 321 2448 accusatio,
336 2389 399 2436 varie
415 2390 561 2452 graviterque
574 2398 677 2447 tractate,

145 2470 212 2503 mum
228 2452 349 2501 manifesti
368 2453 449 2502 veneni
465 2453 644 2516 deprehonsione
659 2453 767 2500 concluse
781 2462 824 2500 eat.

147 2521 196 2570 Hic
204 2533 246 2580 ego
254 2517 342 2565 tumaci
350 2516 535 2579 respondendum
541 2517 766 2580 rumoriquicuri!
779 2516 820 2564 Du

144 2580 300 2632 immortales!
319 2581 366 2644 qui
383 2579 537 2630 sollicitudine
553 2580 641 2628 animi!
660 2597 708 2645 quo
717 2582 817 2643 timore!
911 2630 912 2639 ἵ

908 2804 911 2873 1
