1850 2909
179 62 249 115 PRO
265 63 357 116 LEGE
374 64 542 114 MANILIA.
560 67 625 116 Otr·
639 67 677 119 ld·
718 66 764 124 147

92 192 154 255 peio,
166 192 341 243 uousideremus.
358 195 457 244 Summe
468 195 531 242 euim
541 194 620 244 omnis
629 201 693 254 sunt,
704 194 766 255 Qui·

93 257 162 304 rites=
181 256 222 304 sed
237 273 264 306 ee
279 258 354 322 magis
370 275 399 306 ex
416 259 515 306 aliorum
531 260 683 318 contentione,
694 274 767 322 quotu

93 320 145 384 ipss
155 337 197 384 per
207 338 264 382 sese,
275 323 381 386 cognosci
391 332 461 398 etque
471 323 569 386 intelligi
579 331 684 389 possunt.

127 385 207 444 Quem
218 387 280 434 euim
291 397 413 451 possumus
423 400 586 451 imperatorem
596 387 675 451 reliquo
687 387 712 434 in
722 402 768 436 nu·

94 464 159 497 mero
174 458 264 513 putere,
282 453 349 513 cujus
363 452 388 498 in
402 453 504 500 exercitu
515 461 612 500 veneunt
628 452 768 499 uenturiatus

94 523 165 578 etque
176 515 307 564 venierint?
324 515 381 580 quid
397 515 460 564 hune
473 516 592 564 hominem
602 530 716 578 magnum
726 525 768 564 out

94 580 203 643 amplum
210 579 238 628 de
244 596 269 628 re
275 581 368 644 publici
374 581 482 644 cogitare,
490 581 532 644 qui
538 580 669 644 pecuniam,
677 595 770 628 asere-

94 642 281 706 riodepromtom
288 645 318 693 ud
325 645 412 693 bellum
420 644 693 704 sdrninistrsndum‚uut,
700 661 771 708 prop-

95 715 131 754 ter
138 708 288 772 cupiditatem
294 709 424 774 provinciis,
432 709 605 772 magistratibus
611 708 721 767 diviserit,
728 716 771 756 rut

94 781 190 834 propter
200 773 320 822 avaritiam
331 774 414 821 Romae
425 773 449 820 in
457 782 548 837 quaeetu
556 773 692 836 reliquerit?
708 773 771 822 Ves-

95 844 133 883 tra
143 835 326 885 admurmuratio
336 837 399 898 sseit,
411 837 524 898 Quirites,
531 846 558 885 ut
565 852 686 901 eguusoere
692 837 771 886 videu-

96 899 165 960 mini‚
174 901 216 976 qui
223 901 272 977 hieu
279 901 386 976 fecerint:
399 917 441 966 ego
449 911 528 977 eutqrn
536 902 652 977 neminem
658 903 769 950 nominor

96 966 525 1105 lffiirffilflffl‘liffffiii
532 966 772 1078 333³de

97 1103 240 1156 peremtum,
248 1103 347 1158 quantos
440 1104 505 1153 tutes,
518 1110 665 1158 quocumque
675 1104 773 1142 ventum

98 1158 139 1215 sit,
158 1158 231 1206 nostri
249 1159 362 1208 exerdtus
380 1159 462 1218 ferent,
481 1159 533 1223 quis
551 1158 658 1223 igneum?
675 1157 772 1217 Itinere,

99 1237 154 1286 quae
164 1238 205 1286 per
214 1222 282 1272 hoste
289 1238 361 1271 annos
371 1223 396 1269 in
407 1223 477 1271 lutis
485 1239 526 1287 per
535 1239 602 1286 egros
608 1231 678 1286 utque
685 1221 772 1293 oppido

100 1284 186 1334 civium
198 1287 358 1336 Romanorum
369 1287 441 1336 nostri
457 1287 605 1352 imperatores
615 1287 726 1344 fenerant,
738 1302 774 1334 re·

101 1349 245 1398 nordumini:
263 1360 315 1400 tum
325 1351 415 1400 facilius
423 1352 535 1410 sumetis,
543 1352 601 1415 quid
611 1351 674 1415 apud
684 1361 773 1399 atuor

101 1414 206 1464 nationes
217 1415 266 1464 fieri
277 1415 418 1464 existimetis.
435 1417 523 1466 Utrum
537 1417 615 1479 plures
630 1415 774 1471 arbitremini

101 1493 146 1542 per
159 1478 227 1528 husus
243 1495 316 1528 sunus
330 1480 432 1528 militum
447 1490 574 1528 vestrorum
588 1479 658 1526 ermis
672 1479 775 1526 hostium

102 1545 180 1603 urbes,
192 1559 231 1602 tn,
242 1545 352 1604 hibernis,
364 1545 478 1592 sociorum
489 1544 599 1602 eiritutos,
610 1558 658 1590 eme
669 1541 774 1590 deletos?

103 1607 190 1670 Neque
201 1609 263 1656 enim
271 1617 346 1672 potest
356 1607 631 1656 exereitumismntinere
640 1607 774 1668 imperator,

102 1671 187 1784 qiu‘qsql
185 1672 261 1748 ipsum
270 1688 317 1786 Ἐκ
325 1673 440 1748 continet3
458 1688 534 1736 neque
542 1685 691 1782 seyeffism
701 1670 726 1716 in
735 1671 776 1781 jqr-

137 1751 330 1862 riclilmfss
340 1751 553 1850 iiiiii&
560 1751 652 1847 dnum
659 1747 776 1848 {331⁰AE

104 1865 200 1924 tortoris,
212 1868 278 1929 eujus
289 1866 389 1928 legiones
400 1866 431 1914 sic
445 1865 470 1912 in
481 1865 565 1912 Asiam
576 1872 736 1928 pervenerunt,
748 1874 787 1924 ut¹

104 1945 151 1978 non
168 1931 238 1979 modo
252 1946 336 1979 munus
347 1931 406 1978 tanti
423 1930 544 1987 exercitus,
561 1929 602 1976 sed
612 1944 642 1976 ne
652 1927 775 1991 vestigium

104 1994 209 2057 quidem,
218 1996 328 2060 cuiquam
335 2004 416 2058 pacato
424 1993 528 2044 nocuisse
533 1992 638 2041 ditetur?
650 1993 706 2040 dem
714 2009 776 2053 vero,

105 2059 303 2122 quemadmodum
314 2060 399 2107 milites
408 2059 538 2115 hibement‚
550 2057 652 2120 quotidie
659 2071 775 2105 sermones

106 2139 133 2170 ae
143 2124 215 2172 literae
225 2124 378 2188 perfemntur.
397 2123 452 2172 Non
465 2122 543 2180 modo,
554 2131 582 2169 ut
592 2130 696 2170 sumtum
707 2121 776 2168 feriet

107 2188 132 2234 in
144 2188 251 2249 militem,
259 2188 346 2236 nemini
353 2188 386 2236 vis
394 2188 504 2244 offertum
521 2185 561 2234 sed
573 2201 603 2233 ne
614 2185 716 2248 cupienti
726 2185 778 2249 qui-

107 2252 161 2299 dem
172 2253 281 2316 cuiquem
294 2252 441 2316 permittitur.
459 2251 551 2298 Hiemis
564 2250 635 2310 enim,
645 2265 691 2297 non
703 2248 778 2296 everi-

107 2315 156 2376 tiae,
167 2317 299 2380 perfugium
307 2317 404 2378 majores
412 2315 635 2364 nostriinsociorum
642 2313 778 2377 utqueeuri·

108 2396 188 2429 corum
198 2383 262 2429 tectis
273 2397 321 2429 esse
332 2381 462 2430 voluerunt.

141 2445 213 2493 XIV.
229 2445 284 2508 Age
294 2459 356 2504 vero,
373 2445 458 2494 ueteris
475 2445 501 2492 iu
517 2445 585 2491 rebus
601 2441 666 2502 quali
680 2437 709 2487 sit
720 2448 779 2488 tom-

109 2509 221 2572 perandi,
228 2509 375 2558 considerate.
388 2509 627 2558 Undeiusmunum
633 2503 782 2561 aetenum,-

108 2584 132 2622 ει
142 2583 191 2622 tum
202 2570 360 2624 incredibilem
370 2587 464 2622 cursum
481 2571 601 2620 iuvenum
612 2575 699 2629 puteus
708 2570 719 2614 ἒ
736 2583 783 2616 non
806 2607 811 2616 .
