1850 2909
154 102 202 148 232
276 99 353 150 'PRO
370 97 558 149 cnUnN'rlo.
575 98 638 147 cm.
649 98 703 145 65.-

151 242 199 277 esse
209 236 380 289 testamentum,
391 228 534 285 minuetum
551 226 643 274 mulieri
659 223 827 273 crudelissime

151 306 243 340 servum
260 293 418 340 fidelissimum
432 306 481 339 non
498 293 524 339 in
534 291 684 356 questionem
700 289 766 348 tulit,
784 287 825 336 sed

152 356 261 419 plune‘ud
273 355 493 420 supplicium'dedit.
518 416 520 420 ι

184 421 264 469 LXV.
282 421 337 468 Post
343 420 468 467 triennium
479 420 550 483 igitur
558 416 824 483 agitatadeniquequae-

152 484 195 531 stio
210 485 239 532 de
256 484 299 533 viri
315 493 388 532 morte
404 484 548 531 habebaturr
565 492 589 530 et
604 484 634 530 de
651 482 736 545 quibus
753 480 825 528 serris

152 549 300 597 hebebatur?
318 550 394 607 Nova,
409 548 485 608 eredo,
499 564 534 595 res
547 549 644 608 objecta,
661 546 716 593 nori
726 544 824 607 quidem

151 612 256 659 homines
273 613 298 659 in
315 612 467 675 suspicionem
483 612 557 660 voouti
573 619 633 659 sunt
650 610 689 657 De
706 610 824 667 Stratone,

153 684 176 723 et
192 676 221 723 de
236 677 372 724 Nicostrato.
390 675 475 735 Quid?
492 676 576 723 Romae
588 675 712 738 quesitum
728 673 758 720 de
775 672 825 720 istis

151 740 284 787 hominibus
301 742 430 789 nouerat?
455 740 522 788 Itane
536 740 648 787 tandem?
670 737 765 796 mulier,
774 738 826 798 jam

153 818 199 851 non
218 806 306 861 morbo,
327 804 367 851 sed
385 805 469 851 scelere
485 803 578 863 furiosa,
596 818 650 850 cum
672 802 825 865 quaestionem

154 868 271 915 habuisset
288 869 380 928 Romae,
391 883 445 916 cum
456 868 485 915 de
502 868 533 915 T.
544 867 628 926 Annii,
644 866 674 913 Ιι.
687 864 782 925 nuntii,
795 864 824 911 Ρ.

155 932 249 992 Saturi,
271 942 294 979 et
321 940 453 979 ceterorum
478 932 690 979 honestissimomm
710 929 824 988 virorum,

95 1028 97 1031 -
154 996 268 1043 sententis
284 996 434 1044 constitutum
452 1004 517 1054 esset,
531 996 585 1042 satis
600 994 724 1058 quesitum
734 992 825 1049 videri3

155 1058 234 1107 eidem
254 1060 283 1107 de
301 1076 326 1109 re
342 1061 440 1108 triennio
456 1067 517 1123 pust,
535 1059 616 1105 iisd-
633 1058 662 1105 de
678 1056 823 1116 huminibus,

154 1125 220 1171 nullo
237 1124 348 1183 adhibito,
362 1139 407 1171 non
425 1123 501 1171 ditum
518 1122 567 1170 viro
584 1126 624 1176 (ue
640 1122 749 1169 uolonum
765 1120 825 1168 forte

153 1187 253 1235 abfuisse
270 1188 368 1247 dicatis),
384 1188 423 1235 sed
439 1189 500 1235 bono
511 1187 568 1246 viro,
581 1186 607 1234 iu
617 1185 660 1233 filii
676 1193 746 1249 osput
759 1200 827 1249 qum·
861 1237 864 1245 ,

154 1251 253 1299 stionem
263 1251 346 1300 habere
357 1260 437 1299 oonats
447 1259 488 1299 est.

186 1314 228 1361 An
238 1314 282 1363 hoc
293 1314 376 1375 dicitis,
384 1316 453 1370 (mihi
464 1315 526 1363 enim
537 1313 635 1362 venitin
645 1320 757 1372 mentem,
764 1312 822 1377 quid

154 1378 200 1425 dici
216 1387 300 1441 posset,
319 1380 409 1427 tametsi
424 1379 500 1427 adhuc
516 1393 563 1426 uon
581 1386 639 1425 esset
655 1378 754 1436 dictum)
769 1392 824 1425 urm

154 1443 275 1490 haberetur
294 1442 323 1490 de
340 1443 402 1491 furto
418 1444 522 1507 questio,
540 1444 670 1490 Stratonem
686 1441 776 1517 aliquid
794 1441 824 1488 do

155 1522 243 1554 veneno
260 1522 308 1555 esse
325 1508 472 1555 oonfessum?
493 1507 547 1554 Hoc
562 1521 611 1553 uno
627 1506 704 1565 modo,
724 1505 823 1566 Judiooe,

155 1586 216 1634 sepe
227 1572 353 1619 multorum
364 1572 509 1635 improbitate
519 1571 710 1634 drprsssoveritas
718 1570 824 1632 emergit,

156 1644 180 1683 et
189 1636 324 1683 innocentis
334 1635 434 1683 defensio
444 1635 567 1682 intercluso
582 1634 692 1697 respirut3
710 1633 774 1697 quod
784 1642 825 1681 sut

155 1698 181 1758 ii,
194 1700 235 1763 q'ui
245 1698 275 1747 ad
285 1700 390 1747 fraudem
402 1698 478 1746 oullidi
490 1707 553 1759 sunt,
564 1712 611 1746 non
621 1707 712 1745 tanturm
728 1697 823 1758 sudent,

172 1772 271 1811 uantum
289 1764 432 1826 enoogitunt3
449 1772 490 1811 aut
506 1763 550 1821 illi,
564 1776 663 1825 quorum
680 1762 767 1809 eminet
782 1778 824 1810 eu-

156 1778 229 1885 dacia,
241 1836 310 1891 atque
321 1829 421 1890 projecta
431 1835 473 1886 ost,
485 1842 500 1873 o
507 1826 605 1874 uonsiliis
611 1819 707 1882 mulitia
716 1826 824 1874 deserun-

156 1898 202 1937 tur.
220 1890 291 1947 Quod
302 1890 373 1938 sieut
387 1891 502 1938 confidens
513 1890 604 1950 astutio,
619 1899 661 1937 sut
671 1890 755 1938 oullids
767 1898 825 1938 emet
915 1913 916 1920 ¹

155 1953 259 2014 audacis,
267 1954 307 2001 vix
317 1955 366 2002 ullo
372 1955 450 2002 obsisti
461 1955 531 2003 modo
541 1962 624 2017 posset.
640 1955 727 2002 Utrum
734 1954 825 2003 furtum

156 2017 245 2064 fuctum
255 2032 302 2065 non
313 2021 365 2067 est?
382 2026 406 2065 st
417 2018 475 2065 nihil
485 2019 568 2066 durius
581 2018 662 2065 herini
672 2018 724 2065 fuit.
740 2018 783 2066 An
794 2018 825 2066 sd

138 2122 140 2127 .
156 2081 286 2129 Stratonem
298 2082 396 2146 suspicio
406 2097 453 2129 nou
463 2083 592 2145 pertinuit?
609 2092 633 2130 st
640 2083 660 2129 is
668 2090 691 2129 et
700 2098 729 2130 ex
737 2083 824 2130 serruli

156 2144 310 2207 insimulatus,
323 2155 345 2193 et
362 2164 376 2195 s
386 2162 457 2210 puero
468 2147 556 2194 oonsioo
567 2155 601 2195 est
610 2146 730 2195 indiosous.
746 2147 789 2193 An
799 2146 824 2193 id

155 2219 234 2257 sctum
244 2224 291 2257 non
302 2211 370 2258 estin
381 2210 523 2275 querendo?

187 2271 248 2331 Quae
266 2274 311 2321 fuit
328 2274 375 2321 ulis
389 2275 459 2338 igitur
476 2290 545 2323 ceusu
561 2274 698 2338 querendi?
714 2274 766 2333 An,
777 2274 821 2336 od,

156 2336 219 2401 quod
236 2336 358 2385 dicendum
369 2338 432 2386 vobis
447 2347 490 2397 est,
502 2347 525 2385 et
535 2338 598 2402 quod
608 2347 659 2385 tum
670 2339 746 2387 Sessio
757 2338 823 2386 dioti-

157 2403 230 2459 tabst)
248 2416 301 2448 cum
312 2403 340 2450 de
350 2403 412 2450 furto
426 2412 572 2465 quereretur,
585 2411 636 2449 tum
649 2403 726 2450 Strato
740 2402 822 2450 iisdern

155 2464 181 2510 in
200 2466 318 2513 tormentis
337 2466 396 2513 dixit
420 2466 449 2512 de
470 2480 564 2513 veneno.
587 2465 688 2513 Euhoe
703 2466 764 2513 illud
781 2475 822 2525 est,

156 2528 219 2589 quod
236 2536 289 2576 ante
301 2528 364 2576 dixi:
382 2529 467 2576 mulier
482 2529 585 2577 abundat
603 2528 714 2588 audouiri3
730 2530 824 2579 mostis
